@book{wilkes2016burn,
  title = {Burn Math Class: And Reinvent Mathematics for Yourself},
  author = {Wilkes, J.},
  year = {2016},
  publisher = {Basic Books},
}
@book{howard2020deep,
  title={Deep Learning for Coders with fastai and PyTorch},
  author={Howard, Jeremy and Gugger, Sylvain},
  year={2020},
  publisher={O'Reilly Media}
}
@book{LiquetMokaNazarathy2024DeepLearning,
  title = {Mathematical Engineering of Deep Learning},
  author = {Benoit Liquet and Sarat Moka and Yoni Nazarathy},
  publisher = {CRC Press},
  year = {2024}
}
@book{prince2023understanding,
  title={Understanding Deep Learning},
  author={Prince, S. J. D.},
  year={2023},
  publisher={MIT Press}
}

@book{goodfellow2016deep,
  title = {{Deep Learning}},
  author = {Goodfellow, I. and Bengio, Y. and Courville, A.},
  publisher = {{MIT Press}},
  year = {2016},
}

@article{lecun2015deep,
  title = {{Deep learning}},
  author = {LeCun, Y. and Bengio, Y. and Hinton, G.},
  journal = {{Nature}},
  year = {2015},
}

@article{krizhevsky2012imagenetxxxqqq,
  title = {{Imagenet classification with deep convolutional neural networks}},
  author = {Krizhevsky, A. and Sutskever, I. and Hinton, G. E.},
  journal = {{Advances in neural information processing systems}},
  year = {2012},
}

@article{mikolov2013efficient,
  title={Efficient estimation of word representations in vector space},
  author={Mikolov, T. and Chen, K. and Corrado, G. and Dean, J.},
  journal={arXiv:1301.3781},
  year={2013}
}

@article{howard2020fastai,
  title = {{Fastai: A Layered API for Deep Learning}},
  author = {Howard, J. and Gugger, S.},
  journal = {{Information}},
  year = {2020}
}

@book{albertos2010feedback,
  title={Feedback and control for everyone},
  author={Albertos, P. and Mareels, I.},
  year={2010},
  publisher={Springer}
}
@article{ba2016layer,
  title={Layer normalization},
  author={Ba, J. L. and Kiros, J. R. and Hinton, G. E.},
  journal={arXiv:1607.06450},
  year={2016}
}
@article{zhang2018visual,
  title={Visual interpretability for deep learning: a survey},
  author={Zhang, Q. and Zhu, S.},
  journal={Frontiers of Information Technology \& Electronic Engineering},
  year={2018},
}
@inproceedings{zeiler2011adaptive,
  title={Adaptive deconvolutional networks for mid and high level feature learning},
  author={Zeiler, M. D. and Taylor, G. W. and Fergus, R.},
  booktitle={2011 International Conference on Computer Vision}, 
  title={Adaptive deconvolutional networks for mid and high level feature learning}, 
  year={2011},
  }
@article{levenberg1944method,
  title={A method for the solution of certain non-linear problems in least squares},
  author={Levenberg, K.},
  journal={Quarterly of applied mathematics},
  year={1944}
}
@article{yuan2015recent,
  title={Recent advances in trust region algorithms},
  author={Yuan, Y.},
  journal={Mathematical Programming},
  year={2015},
}
@article{rezvani2023broad,
  title={A broad review on class imbalance learning techniques},
  author={Rezvani, S. and Wang, X.},
  journal={Applied Soft Computing},
  year={2023},
}
@article{johnson2019survey,
  title={Survey on deep learning with class imbalance},
  author={Johnson, J. M and Khoshgoftaar, T. M},
  journal={Journal of Big Data},
  year={2019},
}
@article{haixiang2017learning,
  title={Learning from class-imbalanced data: Review of methods and applications},
  author={Guo, H. and Li, Y. and Shang, J. and Gu, M. and Huang, Y. and Gong, B.},
  journal={Expert systems with applications},
  year={2017},
}
@article{chawla2002smote,
  title={SMOTE: synthetic minority over-sampling technique},
  author={Chawla, N. V and Bowyer, K. W and Hall, L. O and Kegelmeyer, W. P},
  journal={Journal of artificial intelligence research},
  year={2002}
}
@article{herculano2009human,
  title={{The human brain in numbers: a linearly scaled-up primate brain}},
  author={Herculano-Houzel, S},
  journal={Frontiers in human neuroscience},
  year={2009},
}
@article{karras2017progressive,
  title={Progressive growing of gans for improved quality, stability, and variation},
  author={Karras, T. and Aila, T. and Laine, S. and Lehtinen, J.},
  journal={arXiv:1710.10196},
  year={2017}
}
@article{le2022survey,
  title={{A survey on imitation learning techniques for end-to-end autonomous vehicles}},
  author={Mero, L. and Yi, D. and Dianati, M. and Mouzakitis, A.},
  journal={IEEE Transactions on Intelligent Transportation Systems},
  year={2022},
}
@book{haykin1998neural,
  title={{Neural networks: a comprehensive foundation}},
  author={Haykin, S.},
  year={1998},
  publisher={Prentice Hall }
}
@article{lecun1989handwritten,
  title={{Handwritten digit recognition with a back-propagation network}},
  author={LeCun, Y. and Boser, B. and Denker, J. and Henderson, D. and Hubbard, W. and Jackel, L.},
  journal={Advances in neural information processing systems},
  year={1989}
}
@inproceedings{zhao2020sim,
  title={{Sim-to-real transfer in deep reinforcement learning for robotics: a survey}},
  author={Zhao, W. and Queralta, J. P. and Westerlund, T.},
  booktitle={{2020 IEEE symposium series on computational intelligence (SSCI)}},
  year={2020},
}
@inproceedings{wu2018group,
  title={Group normalization},
  author={Wu, Y. and He, K.},
  booktitle={Proceedings of the European conference on computer vision (ECCV)},
  year={2018}
}
@article{sobel2014history,
  title={History and definition of the Sobel operator},
  author={Sobel, I.},
  journal={Retrieved from the World Wide Web},
  year={2014}
}
@book{jahne2000computer,
  title={Computer vision and applications},
  author={J{\"a}hne, B. and Hau{\ss}ecker, H.},
  year={2000}
}
@book{cormen2022introduction,
  title={Introduction to algorithms},
  author={Cormen, T. H. and Leiserson, C. E. and Rivest, R. L. and Stein, C.},
  year={2022},
  publisher={MIT press}
}
@book{ross2014first,
  title={A first course in probability},
  author={Ross, S. M.},
  year={2014},
  publisher={Pearson}
}
@book{antsaklis1997linear,
  title={Linear systems},
  author={Antsaklis, P. J. and Michel, A. N.},
  year={1997},
  publisher={Springer}
}
@book{kwakernaak1991modern,
title = "Modern signal and systems",
author={Kwakernaak, H. and Sivan, R.},
year = "1991",
publisher = "Prentice Hall",
}
@article{lai2016deep,
  title={Deep recurrent regression for facial landmark detection},
  author={Lai, H. and Xiao, S. and Pan, Y. and Cui, Z. and Feng, J. and Xu, C. and Yin, J. and Yan, S.},
  journal={IEEE Transactions on Circuits and Systems for Video Technology},
  year={2016},
}
@article{bottou1998online,
  title={Online algorithms and stochastic approximations},
  author={Bottou, L.},
  journal={Online learning in neural networks},
  year={1998},
}
@article{cauchy1847methode,
  title={M{\'e}thode g{\'e}n{\'e}rale pour la r{\'e}solution des syst{\`e}mes d'{\'e}quations simultan{\'e}es},
  author={Cauchy, A.},
  journal={Comp. Rend. Sci. Paris},
  year={1847}
}
@incollection{waibel2013phoneme,
  title={Phoneme recognition using time-delay neural networks},
  author={Waibel, A. and Hanazawa, T. and Hinton, G. and Shikano, K. and Lang, K. J.},
  booktitle={Backpropagation},
  year={2013}
}
@article{yu2015multi,
  title = {Multi-scale context aggregation by dilated convolutions},
  author = {Yu, F. and Koltun, V.},
  journal = {arXiv:1511.07122},
  year = {2015}
}
@inproceedings{yu2017dilated,
  title={Dilated residual networks},
  author={Yu, Fisher and Koltun, Vladlen and Funkhouser, Thomas},
  booktitle={Proceedings of the IEEE conference on computer vision and pattern recognition},
  pages={472--480},
  year={2017}
}
@article{rawat2017deep,
  title={Deep convolutional neural networks for image classification: A comprehensive review},
  author={Rawat, W. and Wang, Z.},
  journal={Neural Computation},
  year={2017},
}
@article{li2021survey,
  title={A survey of convolutional neural networks: Analysis, applications, and prospects},
  author={Li, Z. and Liu, F. and Yang, W. and Peng, S. and Zhou, J.},
  journal={IEEE Transactions on Neural Networks and Learning Systems},
  year={2021},
}
@article{lecun1989backpropagation,
  title={Backpropagation applied to handwritten zip code recognition},
  author={LeCun, Y. and Boser, B. and Denker, J. S. and Henderson, D. and Howard, R. E. and Hubbard, W. and Jackel, L. D.},
  journal={Neural Computation},
  year={1989},
}
@article{lin2013network,
  title={Network in network},
  author={Lin, M. and Chen, Q. and Yan, S.},
  journal={arXiv:1312.4400},
  year={2013}
}
@article{iandola2016squeezenet,
  title={SqueezeNet: AlexNet-level accuracy with 50x fewer parameters and< 0.5 MB model size},
  author={Iandola, F. N. and Han, S. and Moskewicz, M. W. and Ashraf, K. and Dally, W. J. and Keutzer, K.},
  journal={arXiv:1602.07360},
  year={2016}
}
@article{lecun1998gradient,
  title={Gradient-based learning applied to document recognition},
  author={LeCun, Y. and Bottou, L. and Bengio, Y. and Haffner, P.},
  journal={Proceedings of the IEEE},
  year={1998}
}
@inproceedings{ranganath2016hierarchical,
  title={Hierarchical variational models},
  author={Ranganath, R. and Tran, D. and Blei, D.},
  booktitle={International conference on machine learning},
  year={2016},
  organization={PMLR}
}
@article{sonderby2016ladder,
  title={Ladder variational autoencoders},
  author={S{\o}nderby, C. Kaae and Raiko, T. and Maal{\o}e, L. and S{\o}nderby, S{\o}ren Kaae and Winther, O.},
  journal={Advances in neural information processing systems},
  year={2016}
}
@article{hubel1959receptive,
  title={Receptive fields of single neurones in the cat's striate cortex},
  author={Hubel, D. H. and Wiesel, T. N.},
  journal={The Journal of physiology},
  year={1959}
}
@article{fukushima1980neocognitron,
  title={c: A self-organizing neural network model for a mechanism of pattern recognition unaffected by shift in position},
  author={Fukushima, K.},
  journal={Biological cybernetics},
  year={1980},
}
@article{bromley1993signature,
  title={Signature verification using a "siamese" time delay neural network},
  author={Bromley, J. and Guyon, I. and LeCun, Y. and S{\"a}ckinger, E. and Shah, R.},
  journal={Advances in neural information processing systems},
  year={1993}
}
@article{guyon1991design,
  title={Design of a neural network character recognizer for a touch terminal},
  author={I. Guyon and P. Albrecht and Y. LeCun and J. Denker and W. Hubbard},
  journal={Pattern Recognition},
  year={1991}
}
@article{lang1988time,
  title={A time-delay neural network architecture for speech recognition},
  author={K. J. Lang},
  year={1988},
  journal={Technical Report, Carnegie-Mellon University}
}
@article{lawrence1997face,
  title={Face recognition: A convolutional neural-network approach},
  author={A. C. Tsoi},
  journal={IEEE Transactions on Neural Networks},
  year={1997},
}
@article{hubel1962receptive,
  title={Receptive fields, binocular interaction and functional architecture in the cat's visual cortex},
  author={D. H. Hubel and T. N. Wiesel},
  journal={The Journal of Physiology},
  year={1962},
}
@article{chib2023recent,
  title={Recent advancements in end-to-end autonomous driving using deep learning: A survey},
  author={P. S. Chib and P. Singh},
  journal={IEEE Transactions on Intelligent Vehicles},
  year={2023}
}
@book{bertsekas2007dynamicII,
  author={D. P. Bertsekas},
  title={Dynamic Programming and Optimal Control, Volume. II},
  year={2007},
  publisher={Athena Scientific},
  edition={3rd}
}
@book{bertsekas2012dynamic,
  author={D. P. Bertsekas},
  title={Dynamic programming and optimal control: Volume I},
  year={2012},
  publisher={Athena Scientific}
}
@book{bertsekas1996neuro,
  author={D. P. Bertsekas and J. N. Tsitsiklis},
  title={Neuro-dynamic programming},
  year={1996},
  publisher={Athena Scientific}
}
@article{croitoru2023diffusion,
  author={F. A. Croitoru and V. Hondru and R. T. Ionescu and M. Shah},
  title={Diffusion models in vision: A survey},
  journal={IEEE Transactions on Pattern Analysis and Machine Intelligence},
  year={2023}
}
@article{cao2022survey,
  author={H. Cao and C. Tan and Z. Gao and Y. Xu and G. Chen and P. A. Heng and S. Z. Li},
  title={A survey on generative diffusion model},
  journal={arXiv:2209.02646},
  year={2022}
}
@article{saharia2022image,
  author={C. Saharia and J. Ho and W. Chan and T. Salimans and D. J. Fleet and M. Norouzi},
  title={Image super-resolution via iterative refinement},
  journal={IEEE Transactions on Pattern Analysis and Machine Intelligence},
  year={2022}
}
@article{Mazyavkina2021Reinforcement,
  author={N. Mazyavkina and S. Sviridov and S. Ivanov and E. Burnaev},
  title={Reinforcement learning for combinatorial optimization: A survey},
  journal={Computers \& Operations Research},
  year={2021}
}
@article{ouyang2022training,
  author={L. Ouyang and J. Wu and X. Jiang and D. Almeida and C. Wainwright and P. Mishkin and C. Zhang and S. Agarwal and K. Slama and A. Ray and others},
  title={Training language models to follow instructions with human feedback},
  journal={Advances in Neural Information Processing Systems},
  year={2022}
}
@article{yang2023baichuan,
  author={A. Yang and B. Xiao and B. Wang and B. Zhang and C. Bian and C. Yin and C. Lv and D. Pan and D. Wang and D. Yan and others},
  title={Baichuan 2: Open large-scale language models},
  journal={arXiv:2309.10305},
  year={2023}
}
@article{saharia2022photorealistic,
  author={C. Saharia and W. Chan and S. Saxena and L. Li and J. Whang and E. L. Denton and K. Ghasemipour and R. Gontijo Lopes and B. Karagol Ayan and T. Salimans and others},
  title={Photorealistic text-to-image diffusion models with deep language understanding},
  journal={Advances in Neural Information Processing Systems},
  year={2022}
}
@article{hertz2022prompt,
  author={A. Hertz and R. Mokady and J. Tenenbaum and K. Aberman and Y. Pritch and D. Cohen-Or},
  title={Prompt-to-prompt image editing with cross attention control},
  journal={arXiv:2208.01626},
  year={2022}
}
@inproceedings{nichol2022glide,
  author={A. Q. Nichol and P. Dhariwal and A. Ramesh and P. Shyam and P. Mishkin and B. Mcgrew and I. Sutskever and M. Chen},
  title={GLIDE: Towards Photorealistic Image Generation and Editing with Text-Guided Diffusion Models},
  booktitle={International Conference on Machine Learning},
  year={2022},
  organization={PMLR}
}
@article{harvey2022flexible,
  author={W. Harvey and S. Naderiparizi and V. Masrani and C. Weilbach and F. Wood},
  title={Flexible diffusion modeling of long videos},
  journal={Advances in Neural Information Processing Systems},
  year={2022}
}
@article{ho2022imagen,
  author={J. Ho and W. Chan and C. Saharia and J. Whang and R. Gao and A. Gritsenko and D. P. Kingma and B. Poole and M. Norouzi and D. J. Fleet and others},
  title={Imagen video: High definition video generation with diffusion models},
  journal={arXiv:2210.02303},
  year={2022}
}
@inproceedings{rezende2015variational,
  author={D. Rezende and S. Mohamed},
  title={Variational inference with normalizing flows},
  booktitle={International Conference on Machine Learning},
  year={2015},
  organization={PMLR}
}
@book{sutton2018reinforcement,
  title     = {Reinforcement learning: An introduction},
  author    = {R. S. Sutton and A. G. Barto},
  publisher={MIT press},
  year      = {2018},
}
@article{franccois2018introduction,
  title   = {An introduction to deep reinforcement learning},
  author  = {V. François-Lavet and P. Henderson and R. Islam and M. G. Bellemare and J. Pineau},
  journal = {Foundations and Trends in Machine Learning},
  year    = {2018},
}
@article{kaelbling1996reinforcement,
  title   = {Reinforcement learning: A survey},
  author={Kaelbling, L. P. and Littman, M. L. and Moore, A. W.},
  journal = {Journal of Artificial Intelligence Research},
  volume  = {4},
  year    = {1996},
}
@article{wang2022deep,
  title     = {Deep reinforcement learning: a survey},
  author    = {X. Wang and S. Wang and X. Liang and D. Zhao and J. Huang and X. Xu and B. Dai and Q. Miao},
  journal   = {IEEE Transactions on Neural Networks and Learning Systems},
  year      = {2022},
}
@article{khan2022transformers,
  title     = {Transformers in vision: A survey},
  author    = {S. Khan and M. Naseer and M. Hayat and S. W. Zamir and F. S. Khan and M. Shah},
  journal   = {ACM Computing Surveys (CSUR)},
  year      = {2022},
}
@article{xu2023multimodal,
  title     = {Multimodal Learning with Transformers: A Survey},
  author    = {P. Xu and X. Zhu and D. A. Clifton},
  journal   = {IEEE Transactions on Pattern Analysis and Machine Intelligence},
  year      = {2023},
}
@article{zhao2023survey,
  title     = {A Survey of Large Language Models},
  author={W. X. Zhao and K. Zhou and J. Li and T. Tang and X. Wang and Y. Hou and Y. Min and B. Zhang and J. Zhang and Z. Dong and Y. Du and C. Yang and Y. Chen and Z. Chen and J. Jiang and R. Ren and Y. Li and X. Tang and Z. Liu and P. Liu and J. Y. Nie and J. R. Wen},
  journal   = {arXiv:2303.18223},
  year      = {2023},
}
@article{liu2023survey,
  title     = {A Survey of Visual Transformers},
  author    = {Y. Liu and Y. Zhang and Y. Wang and F. Hou and J. Yuan and J. Tian and Y. Zhang and Z. Shi and J. Fan and Z. He},
  journal   = {IEEE Transactions on Neural Networks and Learning Systems},
  year      = {2023},
}
@book{tunstall2022natural,
  title     = {Natural Language Processing with Transformers},
  author    = {L. Tunstall and L. Von Werra and T. Wolf},
  year      = {2022},
  publisher = {O'Reilly Media, Inc.},
}
@book{congdon2007bayesian,
  title     = {Bayesian Statistical Modelling},
  author    = {P. Congdon},
  year      = {2007},
  publisher = {John Wiley \& Sons},
}
@article{Kingma2019intro,
  title   = {An Introduction to Variational Autoencoders},
  author  = {D. P. Kingma and M. Welling},
  journal = {Foundations and Trends® in Machine Learning},
  year    = {2019},
}
@article{Zhang2019Advances,
  title   = {Advances in Variational Inference},
  author  = {C. Zhang and J. Bütepage and H. Kjellström and S. Mandt},
  journal = {IEEE Transactions on Pattern Analysis and Machine Intelligence},
  year    = {2019},
}
@article{Blei2017Variational,
  title   = {Variational Inference: A Review for Statisticians},
  author  = {D. M. Blei and A. Kucukelbir and J. D. McAuliffe},
  journal = {J. Amer. Statist. Assoc.},
  year    = {2017},
}
@book{Sisson2019Handbook,
  title     = {Handbook of Approximate {B}ayesian Computation},
  editor    = {S. A. Sisson and Y. Fan and M. A. Beaumont},
  publisher = {CRC Press, Boca Raton, FL},
  year      = {2019},
}
@article{van2021bayesian,
  title   = {{Bayesian Statistics and Modelling}},
  author  = {R. van de Schoot and S. Depaoli and R. King and B. Kramer and K. M{\"a}rtens and M. G. Tadesse and M. Vannucci and A. Gelman and D. Veen and J. Willemsen and C. Yau},
  journal = {Nature Reviews Methods Primers},
  year    = {2021},
}
@article{gregor2016towards,
  title   = {Towards Conceptual Compression},
  author  = {K. Gregor and F. Besse and D. Jimenez Rezende and I. Danihelka and D. Wierstra},
  journal = {Advances In Neural Information Processing Systems},
  year    = {2016},
}
@inproceedings{gulrajani2016pixelvae,
  title     = {{PixelVAE: A Latent Variable Model for Natural Images}},
  author    = {I. Gulrajani and K. Kumar and F. Ahmed and A. A. Taiga and F. Visin and D. Vazquez and A. Courville},
  booktitle = {International Conference on Learning Representations},
  year      = {2016},
}
@article{akuzawa2018expressive,
  title   = {Expressive Speech Synthesis via Modeling Expressions with Variational Autoencoder},
  author  = {K. Akuzawa and Y. Iwasawa and Y. Matsuo},
  journal = {arXiv:1804.02135},
  year    = {2018},
}
@article{hsu2017voice,
  title    = {Voice Conversion from Unaligned Corpora Using Variational Autoencoding Wasserstein Generative Adversarial Networks},
  author   = {C. C. Hsu and H. T. Hwang and Y. C. Wu and Y. Tsao and H. M. Wang},
  journal  = {Interspeech 2017},
  year     = {2017},
}
@article{hsu2017learning,
  title    = {Learning Latent Representations for Speech Generation and Transformation},
  author   = {W. N. Hsu and Y. Zhang and J. Glass},
  journal  = {arXiv:1704.04222},
  year     = {2017},
}
@inproceedings{bowman2016generating,
  title    = {Generating Sentences from a Continuous Space},
  author   = {S. R. Bowman and L. Vilnis and O. Vinyals and A. M. Dai and R. Jozefowicz and S. Bengio},
  booktitle= {20th SIGNLL Conference on Computational Natural Language Learning, CoNLL 2016},
  year     = {2016},
}
@inproceedings{xu2020variational,
  title    = {On Variational Learning of Controllable Representations for Text Without Supervision},
  author   = {P. Xu and J. C. K. Cheung and Y. Cao},
  booktitle= {International Conference on Machine Learning},
  year     = {2020},
}
@inproceedings{hu2017toward,
  title    = {Toward Controlled Generation of Text},
  author   = {Z. Hu and Z. Yang and X. Liang and R. Salakhutdinov and E. P. Xing},
  booktitle= {International Conference on Machine Learning},
  year     = {2017},
}
@article{tschannen2018recent,
  title    = {Recent Advances in Autoencoder-Based Representation Learning},
  author   = {M. Tschannen and O. Bachem and M. Lucic},
  journal  = {arXiv:1812.05069},
  year     = {2018},
}
@article{kipf2016variational,
  title    = {Variational Graph Auto-Encoders},
  author   = {T. N. Kipf and M. Welling},
  journal  = {arXiv:1611.07308},
  year     = {2016},
}
@article{liu2018constrained,
  title    = {Constrained Graph Variational Autoencoders for Molecule Design},
  author   = {Q. Liu and M. Allamanis and M. Brockschmidt and A. Gaunt},
  journal  = {Advances in Neural Information Processing Systems},
  year     = {2018},
}
@article{zhang2019d,
  title    = {D-VAE: A Variational Autoencoder for Directed Acyclic Graphs},
  author   = {M. Zhang and S. Jiang and Z. Cui and R. Garnett and Y. Chen},
  journal  = {Advances in Neural Information Processing Systems},
  year     = {2019},
}
@inproceedings{jin2018junction,
  title    = {Junction Tree Variational Autoencoder for Molecular Graph Generation},
  author   = {W. Jin and R. Barzilay and T. Jaakkola},
  booktitle= {International Conference on Machine Learning},
  year     = {2018},
}
@inproceedings{walker2016uncertain,
  title    = {An Uncertain Future: Forecasting from Static Images Using Variational Autoencoders},
  author   = {J. Walker and C. Doersch and A. Gupta and M. Hebert},
  booktitle= {Computer Vision--ECCV 2016: 14th European Conference, 2016, Proceedings, Part VII 14},
  year     = {2016},
}
@article{doersch2016tutorial,
  title    = {Tutorial on Variational Autoencoders},
  author   = {C. Doersch},
  journal  = {arXiv:1606.05908},
  year     = {2016},
}
@article{sadeghi2020audio,
  title    = {Audio-Visual Speech Enhancement Using Conditional Variational Auto-Encoders},
  author   = {M. Sadeghi and S. Leglaive and X. Alameda-Pineda and L. Girin and R. Horaud},
  journal  = {IEEE/ACM Transactions on Audio, Speech, and Language Processing},
  year     = {2020},
}
@article{blaauw2016modeling,
  title    = {Modeling and Transforming Speech Using Variational Autoencoders},
  author   = {M. Blaauw and J. Bonada},
  journal  = {M. N. (Ed.), Interspeech 2016; 2016 Sep 8-12; San Francisco, CA.[place unknown]: ISCA; 2016. p. 1770-4.},
  year     = {2016},
}
@inproceedings{wang2019topic,
  title    = {Topic-Guided Variational Autoencoders for Text Generation},
  author   = {W. Wang and Z. Gan and H. Xu and R. Zhang and G. Wang and D. Shen and C. Chen and L. Carin},
  booktitle= {NAACL HLT 2019-2019 Conference of the North American Chapter of the Association for Computational Linguistics: Human Language Technologies-Proceedings of the Conference},
  year     = {2019},
}
@inproceedings{Rezaabad2020Learning,
  author   = {A. L. Rezaabad and S. Vishwanath},
  booktitle= {2020 IEEE International Symposium on Information Theory (ISIT)},
  title    = {Learning Representations by Maximizing Mutual Information in Variational Autoencoders},
  year     = {2020},
}
@inproceedings{sohl2015deep,
  title    = {Deep Unsupervised Learning Using Nonequilibrium Thermodynamics},
  author   = {J. Sohl-Dickstein and E. Weiss and N. Maheswaranathan and S. Ganguli},
  booktitle= {International Conference on Machine Learning},
  year     = {2015},
}
@article{dhariwal2021diffusion,
  title    = {Diffusion Models Beat GANs on Image Synthesis},
  author   = {P. Dhariwal and A. Nichol},
  journal  = {Advances in Neural Information Processing Systems},
  year     = {2021},
}
@article{zhang2021application,
  title    = {Application of LSTM Approach for Modelling Stress--Strain Behaviour of Soil},
  author   = {N. Zhang and S. Shen and A. Zhou and Y. Jin},
  journal  = {Applied Soft Computing},
  year     = {2021},
}
@article{moghar2020stock,
  title    = {Stock Market Prediction Using LSTM Recurrent Neural Network},
  author   = {A. Moghar and M. Hamiche},
  journal  = {Procedia Computer Science},
  year     = {2020},
}
@article{karevan2020transductive,
  title    = {Transductive LSTM for Time-Series Prediction: An Application to Weather Forecasting},
  author   = {Z. Karevan and J. A. K. Suykens},
  journal  = {Neural Networks},
  year     = {2020},
}
@article{rodriguez2020detecting,
  title    = {Detecting Technical Anomalies in High-Frequency Water-Quality Data Using Artificial Neural Networks},
  author   = {J. Rodriguez-Perez and C. Leigh and B. Liquet and C. Kermorvant and E. Peterson and D. Sous and K. Mengersen},
  journal  = {Environmental Science \& Technology},
  year     = {2020},
}
@article{yu2019review,
  title    = {A Review of Recurrent Neural Networks: LSTM Cells and Network Architectures},
  author   = {Y. Yu and X. Si and C. Hu and J. Zhang},
  journal  = {Neural Computation},
  year     = {2019},
}
@article{amari1972learning,
  title    = {Learning Patterns and Pattern Sequences by Self-Organizing Nets of Threshold Elements},
  author   = {S. Amari},
  journal  = {IEEE Transactions on Computers},
  year     = {1972},
}
@book{brockwell1991time,
  title     = {Time Series: Theory and Methods},
  author    = {P. J. Brockwell and R. A. Davis},
  year      = {1991},
  publisher = {Springer Science \& Business Media},
}
@book{hyndman2021forecasting,
  title     = {Forecasting: Principles and Practice},
  author    = {R. J. Hyndman and G. Athanasopoulos},
  year      = {2021},
  edition   = {3rd},
  publisher = {OTexts},
}
@article{biever2023easy,
  title={{ChatGPT broke the Turing test-the race is on for new ways to assess AI}},
  author   = {C. Biever},
  journal  = {Nature},
  year     = {2023},
}
@article{papamakarios2021normalizing,
  title    = {Normalizing Flows for Probabilistic Modeling and Inference},
  author   = {G. Papamakarios and E. Nalisnick and D. J. Rezende and S. Mohamed and B. Lakshminarayanan},
  journal  = {The Journal of Machine Learning Research},
  year     = {2021},
}
@article{petersen2008matrix,
  title    = {The Matrix Cookbook},
  author   = {K. B. Petersen and M. S. Pedersen},
  journal  = {Technical University of Denmark},
  year     = {2012},
}
@article{innes:2018,
  author    = {M. Innes},
  title     = {{Flux: Elegant Machine Learning with Julia}},
  journal   = {Journal of Open Source Software},
  year      = {2018},
}
@article{jax2018github,
  author  = {J. Bradbury and R. Frostig and P. Hawkins and M. J. Johnson and C. Leary and D. Maclaurin and G. Necula and A. Paszke and J. VanderP{las} and S. Wanderman-Milne and Q. Zhang},
  title   = {{{JAX}: Composable Transformations of {Python}+{NumPy} Programs}},
  journal={\href{http://github.com/google/jax}{http://github.com/google/jax}},
  year    = {2018},
}
@article{shwartz2017opening,
  title    = {Opening the Black Box of Deep Neural Networks via Information},
  author   = {R. Shwartz-Ziv and N. Tishby},
  journal  = {arXiv:1703.00810},
  year     = {2017},
}
@article{bengio2006greedy,
  title    = {Greedy Layer-wise Training of Deep Networks},
  author   = {Y. Bengio and P. Lamblin and D. Popovici and H. Larochelle},
  journal  = {Advances in Neural Information Processing Systems},
  year     = {2006},
}
@article{ivakhnenko1966cybernetic,
  title    = {Cybernetic Predicting Devices},
  author   = {A. G. Ivakhnenko and V. G. Lapa},
  year     = {1966},
  journal={Purdue Univ Lafayette Ind School of Electrical Engineering, appearing in The Defense Technical Information Center},
}
@article{ivakhnenko1971polynomial,
  title    = {Polynomial Theory of Complex Systems},
  author   = {A. G. Ivakhnenko},
  journal  = {IEEE Transactions on Systems, Man, and Cybernetics},
  year     = {1971},
  publisher = {IEEE},
}
@article{linnainmaa1970representation,
  title    = {The Representation of the Cumulative Rounding Error of an Algorithm as a Taylor Expansion of the Local Rounding Errors},
  author   = {S. Linnainmaa},
  year     = {1970},
  journal = {Master’s Thesis (in Finnish), Univ. Helsinki},
}
@inproceedings{werbos2005applications,
  title    = {Applications of Advances in Nonlinear Sensitivity Analysis},
  author   = {P. J. Werbos},
  booktitle = {System Modeling and Optimization: Proceedings of the 10th IFIP Conference, 1981},
  year     = {2005},
}
@article{amari1967theory,
  title    = {A Theory of Adaptive Pattern Classifiers},
  author   = {S. Amari},
  journal  = {IEEE Transactions on Electronic Computers},
  year     = {1967},
}
@article{hornik1991approximation,
  title     = {Approximation Capabilities of Multilayer Feedforward Networks},
  author    = {K. Hornik},
  journal   = {Neural Networks},
  year      = {1991},
}
@book{minsky69perceptrons,
  title     = {Perceptrons: An Introduction to Computational Geometry},
  author    = {M. Minsky and S. A. Papert},
  year      = {1969},
  publisher = {MIT Press},
}
@book{sejnowski2018deep,
  title     = {The Deep Learning Revolution},
  author    = {T. J. Sejnowski},
  year      = {2018},
  publisher = {MIT Press},
}
@article{mcculloch1943logical,
  title     = {A Logical Calculus of the Ideas Immanent in Nervous Activity},
  author    = {W. S. McCulloch and W. Pitts},
  year      = {1943},
  journal   = {The Bulletin of Mathematical Biophysics},
}
@article{larochelle2009exploring,
  title     = {Exploring Strategies for Training Deep Neural Networks},
  author    = {H. Larochelle and Y. Bengio and J. Louradour and P. Lamblin},
  year      = {2009},
  journal   = {Journal of Machine Learning Research},
}
@article{cirecsan2010deep,
  title   = {Deep, Big, Simple Neural Nets for Handwritten Digit Recognition},
  author  = {D. C. Cireșan and U. Meier and L. M. Gambardella and J. Schmidhuber},
  year    = {2010},
  journal = {Neural Computation},
}
@article{hinton2006fast,
  title   = {A Fast Learning Algorithm for Deep Belief Nets},
  author  = {G. E. Hinton and S. Osindero and Y. W. Teh},
  year    = {2006},
  journal = {Neural Computation},
}
@article{cybenko1989approximation,
  title   = {Approximation by Superpositions of a Sigmoidal Function},
  author  = {G. Cybenko},
  year    = {1989},
  journal = {Mathematics of Control, Signals, and Systems},
}
@article{rumelhart1986learning,
  title   = {Learning Representations by Back-Propagating Errors},
  author  = {D. E. Rumelhart and G. E. Hinton and R. J. Williams},
  year    = {1986},
  journal = {Nature},
}
@article{MAL-006,
  year    = {2009},
  journal = {Foundations and Trends® in Machine Learning},
  title   = {Learning Deep Architectures for AI},
  author  = {Y. Bengio},
}
@book{manning1999foundations,
  title     = {Foundations of Statistical Natural Language Processing},
  author    = {C. Manning and H. Schutze},
  year      = {1999},
  publisher = {MIT press},
}
@inproceedings{maas2011learning,
  title     = {Learning Word Vectors for Sentiment Analysis},
  author    = {A. Maas and R. E. Daly and P. T. Pham and D. Huang and A. Y. Ng and C. Potts},
  booktitle = {Proceedings of the 49th Annual Meeting of the Association for Computational Linguistics: Human Language Technologies},
  year      = {2011},
}
@article{hossain2019comprehensive,
  title={A Comprehensive Survey of Deep Learning for Image Captioning},
  author={MD Z. Hossain and F. Sohel and MF Shiratuddin and H. Laga},
  journal={ACM Computing Surveys (CSUR)},
  year={2019},
}
@article{khurana2023natural,
  title={Natural Language Processing: State of the Art, Current Trends and Challenges},
  author={D. Khurana and A. Koli and K. Khatter and S. Singh},
  journal={Multimedia Tools and Applications},
  year={2023},
}
@article{hadi2023large,
  title={Large Language Models: A Comprehensive Survey of Its Applications, Challenges, Limitations, and Future Prospects},
  author={M. U. Hadi and R. Qureshi and A. Shah and M. Irfan and A. Zafar and M. B. Shaikh and N. Akhtar and J. Wu and S. Mirjalili and others},
  journal={Authorea Preprints},
  year={2023},
}
@article{fan2023large,
  title={Large Language Models for Software Engineering: Survey and Open Problems},
  author={A. Fan and B. Gokkaya and M. Harman and M. Lyubarskiy and S. Sengupta and S. Yoo and J. M. Zhang},
  journal={arXiv:2310.03533},
  year={2023}
}
@article{chang2023survey,
  title={A Survey on Evaluation of Large Language Models},
  author={Y. Chang and X. Wang and J. Wang and Y. Wu and K. Zhu and H. Chen and L. Yang and X. Yi and C. Wang and Y. Wang and others},
  journal={arXiv:2307.03109},
  year={2023}
}
@book{jurafsky2000speech,
  title={Speech and Language Processing},
  author={D. Jurafsky and J. H. Martin},
  year={2000},
  publisher={Pearson}
}
@book{goldberg2022neural,
  title={Neural Network Methods for Natural Language Processing},
  author={Y. Goldberg},
  year={2022},
  publisher={Springer Nature}
}
@article{thoppilan2201lamda,
  title={Lamda: Language Models for Dialog Applications},
  author={R. Thoppilan and D. De Freitas and J. Hall and N. Shazeer and A. Kulshreshtha and HT. Cheng and A. Jin and T. Bos and L. Baker and Y. Du and others},
  journal={arXiv:2201.08239},
  year={2022}
}
@article{smith2022using,
  title={Using DeepSpeed and Megatron to Train Megatron-Turing NLG 530B, a Large-Scale Generative Language Model},
  author={S. Smith and M. Patwary and B. Norick and P. LeGresley and S. Rajbhandari and J. Casper and Z. Liu and S. Prabhumoye and G. Zerveas and V. Korthikanti and others},
  journal={arXiv:2201.11990},
  year={2022}
}
@article{rae2021scaling,
  title={Scaling Language Models: Methods, Analysis \& Insights from Training Gopher},
  author={J. W. Rae and S. Borgeaud and T. Cai and K. Millican and J. Hoffmann and F. Song and J. Aslanides and S. Henderson and R. Ring and S. Young and others},
  journal={arXiv:2112.11446},
  year={2021}
}
@inproceedings{du2022glam,
  title={Glam: Efficient scaling of language models with mixture-of-experts},
  author={Du, N. and Huang, Y. and Dai, A. M. and Tong, S. and Lepikhin, D. and Xu, Y. and Krikun, M. and Zhou, Y. and Yu, A. W. and Firat, O. and others},
  booktitle={International Conference on Machine Learning},
  year={2022},
}
@article{brown2020language,
  title={Language models are few-shot learners},
  author={Brown, T. and Mann, B. and Ryder, N. and Subbiah, M. and Kaplan, J. D. and Dhariwal, P. and Neelakantan, A. and Shyam, P. and Sastry, G. and Askell, A. and others},
  journal={Advances in Neural Information Processing Systems},
  year={2020},
}
@article{lin2022survey,
  title={A survey of transformers},
  author={Lin, T. and Wang, Y. and Liu, X. and Qiu, X.},
  journal={AI Open},
  year={2022},
}
@article{phuong2022formal,
  title={Formal algorithms for transformers},
  author={Phuong, M. and Hutter, M.},
  journal={arXiv:2207.09238},
  year={2022},
}
@inproceedings{kalchbrenner2013recurrent,
  title={Recurrent continuous translation models},
  author={Kalchbrenner, N. and Blunsom, P.},
  booktitle={Proceedings of the 2013 conference on empirical methods in natural language processing},
  year={2013},
}
@article{bahdanau2014neural,
  title={Neural machine translation by jointly learning to align and translate},
  author={Bahdanau, D. and Cho, K. and Bengio, Y.},
  journal={arXiv:1409.0473},
  year={2014},
}
@article{graves2013generating,
  title={Generating sequences with recurrent neural networks},
  author={A. Graves},
  journal={arXiv:1308.0850},
  year={2013}
}
@article{chung2014empirical,
  title={Empirical evaluation of gated recurrent neural networks on sequence modeling},
  author={Chung, J. and Gulcehre, C. and Cho, K. and Bengio, Y.},
  journal={arXiv:1412.3555},
  year={2014}
}
@inproceedings{pennington2014glove,
  title={Glove: Global vectors for word representation},
  author={Pennington, J. and Socher, R. and Manning, C. D.},
  booktitle={Proceedings of the 2014 conference on empirical methods in natural language processing (EMNLP)},
  year={2014}
}

@article{hochreiter1997long,
  title={Long short-term memory},
  author={Hochreiter, S. and Schmidhuber, J.},
  journal={Neural computation},
  year={1997},
}
@article{schuster1997bidirectional,
  title={Bidirectional recurrent neural networks},
  author={Schuster, M. and Paliwal, K. K.},
  journal={IEEE transactions on Signal Processing},
  year={1997},
}
@article{elman1990finding,
  title={Finding structure in time},
  author={Elman, J. L.},
  journal={Cognitive science},
  year={1990},
}
@article{aggarwal2018neural,
  title={Neural networks and deep learning},
  author={Aggarwal, C. C.},
  journal={Springer},
  year={2018},
}
@article{kuehn2023deep,
  title={A deep learning super-resolution model to speed up computations of coastal sea states},
  author={Kuehn, J. and Abadie, S. and Liquet, B. and Roeber, V.},
  journal={Applied Ocean Research},
  year={2023},
}
@article{zhou2020graph,
  title={Graph neural networks: A review of methods and applications},
  author={Zhou, J. and Cui, G. and Hu, S. and Zhang, Z. and Yang, C. and Liu, Z. and Wang, L. and Li, C. and Sun, M.},
  journal={AI open},
  year={2020},
}
@article{zhang2018link,
  title={Link prediction based on graph neural networks},
  author={Zhang, M. and Chen, Y.},
  journal={Advances in neural information processing systems},
  year={2018}
}
@article{jin2023spatio,
  title={Spatio-temporal graph neural networks for predictive learning in urban computing: A survey},
  author={Jin, G. and Liang, Y. and Fang, Y. and Shao, Z. and Huang, J. and Zhang, J. and Zheng, Y.},
  journal={IEEE Transactions on Knowledge and Data Engineering},
  year={2023},
}
@inproceedings{seo2018structured,
  title={Structured sequence modeling with graph convolutional recurrent networks},
  author={Seo, Y. and Defferrard, M. and Vandergheynst, P. and Bresson, X.},
  booktitle={Neural Information Processing: 25th International Conference, ICONIP, 2018, Proceedings, Part I 25},
  year={2018},
}
@article{li2017diffusion,
  title={Diffusion convolutional recurrent neural network: Data-driven traffic forecasting},
  author={Li, Y. and Yu, R. and Shahabi, C. and Liu, Y.},
  journal={arXiv:1707.01926},
  year={2017}
}
@article{bruna2013spectral,
  title={Spectral networks and locally connected networks on graphs},
  author={Bruna, J. and Zaremba, W. and Szlam, A. and LeCun, Y.},
  journal={arXiv:1312.6203},
  year={2013}
}
@article{henaff2015deep,
  title={Deep convolutional networks on graph-structured data},
  author={Henaff, M. and Bruna, J. and LeCun, Y.},
  journal={arXiv:1506.05163},
  year={2015}
}
@inproceedings{gilmer2017neural,
  title={Neural message passing for quantum chemistry},
  author={Gilmer, J. and Schoenholz, S. S. and Riley, P. F. and Vinyals, O. and Dahl, G. E.},
  booktitle={International conference on machine learning},
  year={2017},
}
@inproceedings{niepert2016learning,
  title={Learning convolutional neural networks for graphs},
  author={Niepert, M. and Ahmed, M. and Kutzkov, K.},
  booktitle={International conference on machine learning},
  year={2016},
}
@article{atwood2016diffusion,
  title={Diffusion-convolutional neural networks},
  author={Atwood, J. and Towsley, D.},
  journal={Advances in neural information processing systems},
  year={2016}
}
@article{micheli2009neural,
  title={Neural network for graphs: A contextual constructive approach},
  author={Micheli, A.},
  journal={IEEE Transactions on Neural Networks},
  year={2009},
}
@inproceedings{ou2016asymmetric,
  title={Asymmetric transitivity preserving graph embedding},
  author={Ou, M. and Cui, P. and Pei, J. and Zhang, Z. and Zhu, W.},
  booktitle={Proceedings of the 22nd ACM SIGKDD international conference on Knowledge discovery and data mining},
  year={2016}
}
@inproceedings{tang2015line,
  title={Line: Large-scale information network embedding},
  author={Tang, J. and Qu, M. and Wang, M. and Zhang, M. and Yan, J. and Mei, Q.},
  booktitle={Proceedings of the 24th international conference on world wide web},
  year={2015}
}
@article{hamilton2017inductive,
  title={Inductive representation learning on large graphs},
  author={Hamilton, W. and Ying, Z. and Leskovec, J.},
  journal={Advances in neural information processing systems},
  year={2017}
}
@inproceedings{grover2016node2vec,
  title={node2vec: Scalable feature learning for networks},
  author={Grover, A. and Leskovec, J.},
  booktitle={Proceedings of the 22nd ACM SIGKDD international conference on Knowledge discovery and data mining},
  year={2016}
}
@inproceedings{perozzi2014deepwalk,
  title={Deepwalk: Online learning of social representations},
  author={Perozzi, B. and Al-Rfou, R. and Skiena, S.},
  booktitle={Proceedings of the 20th ACM SIGKDD international conference on Knowledge discovery and data mining},
  year={2014}
}
@article{scarselli2008graph,
  title={The graph neural network model},
  author={Scarselli, F. and Gori, M. and Tsoi, A. C. and Hagenbuchner, M. and Monfardini, G.},
  journal={IEEE transactions on neural networks},
  year={2008},
}
@inproceedings{gori2005new,
  title={A new model for learning in graph domains},
  author={Gori, M. and Monfardini, G. and Scarselli, F.},
  booktitle={Proceedings. 2005 IEEE International Joint Conference on Neural Networks, 2005.},
  year={2005},
}
@article{sperduti1997supervised,
  title={Supervised neural networks for the classification of structures},
  author={Sperduti, A. and Starita, A.},
  journal={IEEE Transactions on Neural Networks},
  year={1997},
}
@article{wu2020comprehensive,
  title={A comprehensive survey on graph neural networks},
  author={Wu, Z. and Pan, S. and Chen, F. and Long, G. and Zhang, C. and Yu, P. S.},
  journal={IEEE transactions on neural networks and learning systems},
  year={2020},
}

@article{waikhom2023survey,
  title={A survey of graph neural networks in various learning paradigms: methods, applications, and challenges},
  author={Waikhom, L. and Patgiri, R.},
  journal={Artificial Intelligence Review},
  year={2023},
}
@book{hamilton2020graph,
  title={Graph Representation Learning},
  author={Hamilton, W. L.},
  year={2020},
  publisher={Morgan \& Claypool Publishers}
}
@book{ma2021deep,
  title={Deep Learning on Graphs},
  author={Ma, Y. and Tang, J.},
  year={2021},
  publisher={Cambridge University Press}
}
@article{velickovic2017graph,
  title={{Graph Attention Networks}},
  author={Velickovic, P. and Cucurull, G. and Casanova, A. and Romero, A. and Lio, P. and Bengio, Y. },
  journal={International Conference on Learning Representations (ICLR)},
  year={2018}
}
@article{ackley1985learning,
  title={A learning algorithm for Boltzmann machines},
  author={Ackley, D. H. and Hinton, G. E. and Sejnowski, T. J.},
  journal={Cognitive Science},
  year={1985},
}
@article{bond2021deep,
  title={Deep generative modelling: A comparative review of VAEs, GANs, normalizing flows, energy-based and autoregressive models},
  author={Bond-Taylor, S. and Leach, A. and Long, Y. and Willcocks, C. G.},
  journal={IEEE Transactions on Pattern Analysis and Machine Intelligence},
  year={2021},
}
@article{harshvardhan2020comprehensive,
  title={A comprehensive survey and analysis of generative models in machine learning},
  author={Harshvardhan, G. M. and Gourisaria, M. K. and Pandey, M. and Rautaray, S. S.},
  journal={Computer Science Review},
  year={2020},
}
@inproceedings{salakhutdinov2009deep,
  title={Deep Boltzmann Machines},
  author={Salakhutdinov, R. and Hinton, G.},
  booktitle={Artificial Intelligence and Statistics},
  year={2009},
}
@article{ling2021editgan,
  title={{Editgan: High-precision semantic image editing}},
  author={Ling, H. and Kreis, K. and Li, D. and Kim, S. W. and Torralba, A. and Fidler, S.},
  journal={Advances in Neural Information Processing Systems},
  year={2021}
}
@inproceedings{yu2017seqgan,
  title={{Seqgan: Sequence generative adversarial nets with policy gradient}},
  author={Yu, L. and Zhang, W. and Wang, J. and Yu, Y.},
  booktitle={{Proceedings of the AAAI conference on artificial intelligence}},
  year={2017}
}
@article{karras2020training,
  title={{Training generative adversarial networks with limited data}},
  author={Karras, T. and Aittala, M. and Hellsten, J. and Laine, S. and Lehtinen, J. and Aila, T.},
  journal={Advances in Neural Information Processing Systems},
  year={2020}
}
@inproceedings{karras2020analyzing,
  title={{Analyzing and improving the image quality of stylegan}},
  author={Karras, T. and Laine, S. and Aittala, M. and Hellsten, J. and Lehtinen, J. and Aila, T.},
  booktitle={{Proceedings of the IEEE/CVF conference on computer vision and pattern recognition}},
  year={2020}
}
@inproceedings{karras2019style,
  title={{A style-based generator architecture for generative adversarial networks}},
  author={Karras, T. and Laine, S. and Aila, T.},
  booktitle={{Proceedings of the IEEE/CVF conference on computer vision and pattern recognition}},
  year={2019}
}
@article{alotaibi2020deep,
  title={{Deep generative adversarial networks for image-to-image translation: A review}},
  author={Alotaibi, A.},
  journal={Symmetry},
  year={2020}
}
@inproceedings{choi2018stargan,
  title={{Stargan: Unified generative adversarial networks for multi-domain image-to-image translation}},
  author={Choi, Y. and Choi, M. and Kim, M. and Ha, J. and Kim, S. and Choo, J.},
  booktitle={{Proceedings of the IEEE conference on computer vision and pattern recognition}},
  year={2018}
}
@inproceedings{wang2018high,
  title={{High-resolution image synthesis and semantic manipulation with conditional GANs}},
  author={Wang, T. and Liu, M. and Zhu, J. and Tao, A. and Kautz, J. and Catanzaro, B.},
  booktitle={{Proceedings of the IEEE conference on computer vision and pattern recognition}},
  year={2018}
}
@inproceedings{isola2017image,
  title={{Image-to-image translation with conditional adversarial networks}},
  author={Isola, P. and Zhu, J. and Zhou, T. and Efros, A. A.},
  booktitle={{Proceedings of the IEEE conference on computer vision and pattern recognition}},
  year={2017}
}
@article{chen2016infogan,
  title={{Infogan: Interpretable representation learning by information maximizing generative adversarial nets}},
  author={Chen, X. and Duan, Y. and Houthooft, R. and Schulman, J. and Sutskever, I. and Abbeel, P.},
  journal={Advances in Neural Information Processing Systems},
  year={2016}
}
@inproceedings{odena2017conditional,
  title={{Conditional image synthesis with auxiliary classifier GANs}},
  author={Odena, A. and Olah, C. and Shlens, J.},
  booktitle={{International Conference on Machine Learning}},
  year={2017},
}
@article{iglesias2023survey,
  title={{A survey on GANs for computer vision: Recent research, analysis and taxonomy}},
  author={Iglesias, G. and Talavera, E. and D{\'\i}az-{\'A}lvarez, A.},
  journal={Computer Science Review},
  year={2023},
}
@article{gui2021review,
  title={{A review on generative adversarial networks: Algorithms, theory, and applications}},
  author={Gui, J. and Sun, Z. and Wen, Y. and Tao, D. and Ye, J.},
  journal={IEEE Transactions on Knowledge and Data Engineering},
  year={2021},
  publisher={IEEE}
}
@article{lucic2018gans,
  title={{Are GANs created equal? A large-scale study}},
  author={Lucic, M. and Kurach, K. and Michalski, M. and Gelly, S. and Bousquet, O.},
  journal={Advances in Neural Information Processing Systems},
  year={2018}
}
@article{adler2018banach,
  title={{Banach Wasserstein GAN}},
  author={Adler, J. and Lunz, S.},
  journal={Advances in Neural Information Processing Systems},
  year={2018}
}
@article{gulrajani2017improved,
  title={{Improved training of Wasserstein GANs}},
  author={Gulrajani, I. and Ahmed, F. and Arjovsky, M. and Dumoulin, V. and Courville, A. C.},
  journal={Advances in Neural Information Processing Systems},
  year={2017}
}
@inproceedings{arjovsky2017wasserstein,
  title={{Wasserstein generative adversarial networks}},
  author={Arjovsky, M. and Chintala, S. and Bottou, L.},
  booktitle={{International Conference on Machine Learning}},
  year={2017}
}
@article{mirza2014conditional,
  title={{Conditional generative adversarial nets}},
  author={Mirza, M. and Osindero, S.},
  journal={arXiv:1411.1784},
  year={2014}
}
@article{yang2023diffusion,
  title={{Diffusion models: A comprehensive survey of methods and applications}},
  author={Yang, L. and Zhang, Z. and Song, Y. and Hong, S. and Xu, R. and Zhao, Y. and Zhang, W. and Cui, B. and Yang, M.},
  journal={ACM Computing Surveys},
  year={2023}
}
@article{ho2020denoising,
  title={{Denoising diffusion probabilistic models}},
  author={Ho, J. and Jain, A. and Abbeel, P.},
  journal={Advances in Neural Information Processing Systems},
  year={2020}
}
@article{kingma2013auto,
  title={{Auto-encoding variational Bayes}},
  author={Kingma, D. P. and Welling, M.},
  journal={arXiv:1312.6114},
  year={2013}
}
@article{goodfellow2014generative,
  title={{Generative adversarial nets}},
  author={Goodfellow, I. and Pouget-Abadie, J. and Mirza, M. and Xu, B. and Warde-Farley, D. and Ozair, S. and Courville, A. and Bengio, Y.},
  journal={Advances in Neural Information Processing Systems},
  year={2014}
}
@article{brock2018large,
  title={{Large scale GAN training for high fidelity natural image synthesis}},
  author={Brock, A. and Donahue, J. and Simonyan, K.},
  journal={arXiv:1809.11096},
  year={2018}
}
@article{nichol2021glide,
  title={{Glide: Towards photorealistic image generation and editing with text-guided diffusion models}},
  author={Nichol, A. and Dhariwal, P. and Ramesh, A. and Shyam, P. and Mishkin, P. and McGrew, B. and Sutskever, I. and Chen, M.},
  journal={arXiv:2112.10741},
  year={2021}
}
@inproceedings{wang2023stylediffusion,
  title={{Stylediffusion: Controllable disentangled style transfer via diffusion models}},
  author={Wang, Z. and Zhao, L. and Xing, W.},
  booktitle={{Proceedings of the IEEE/CVF International Conference on Computer Vision}},
  year={2023}
}
@inproceedings{saharia2022palette,
  title={{Palette: Image-to-image diffusion models}},
  author={Saharia, C. and Chan, W. and Chang, H. and Lee, C. and Ho, J. and Salimans, T. and Fleet, D. and Norouzi, M.},
  booktitle={{ACM SIGGRAPH 2022 Conference Proceedings}},
  year={2022}
}
@inproceedings{kang2023scaling,
  title={{Scaling up GANs for text-to-image synthesis}},
  author={Kang, M. and Zhu, J. Y. and Zhang, R. and Park, J. and Shechtman, E. and Paris, S. and Park, T.},
  booktitle={{Proceedings of the IEEE/CVF Conference on Computer Vision and Pattern Recognition}},
  year={2023}
}
@inproceedings{ulyanov2017improved,
  title={{Improved texture networks: Maximizing quality and diversity in feed-forward stylization and texture synthesis}},
  author={Ulyanov, D. and Vedaldi, A. and Lempitsky, V.},
  booktitle={{Proceedings of the IEEE conference on computer vision and pattern recognition}},
  year={2017}
}
@techreport{davidon1959variable,
  title={{Variable metric method for minimization}},
  author={Davidon, W. C.},
  year={1959},
  institution={Argonne National Lab., Lemont, Ill.}
}
@article{davidon1991variable,
  title={{Variable metric method for minimization}},
  author={Davidon, W. C.},
  journal={SIAM Journal on Optimization},
  year={1991}
}
@article{fletcher1963rapidly,
  title={{A rapidly convergent descent method for minimization}},
  author={Fletcher, R. and Powell, M. J. D.},
  journal={The Computer Journal},
  year={1963}
}
@book{fletcher2013practical,
  title={{Practical methods of optimization}},
  author={Fletcher, R.},
  year={2013},
  publisher={John Wiley \& Sons}
}
@article{nocedal1980updating,
  title={{Updating quasi-Newton matrices with limited storage}},
  author={Nocedal, J.},
  journal={Mathematics of Computation},
  year={1980}
}
@article{wolfe1969convergence,
  title={{Convergence conditions for ascent methods}},
  author={Wolfe, P.},
  journal={SIAM Review},
  year={1969}
}
@article{papakonstantinou2013origin,
  title={{Origin and evolution of the secant method in one dimension}},
  author={Papakonstantinou, J. M. and Tapia, R. A.},
  journal={The American Mathematical Monthly},
  year={2013},
}
@article{wolfe1971convergence,
  title={{Convergence conditions for ascent methods. II: Some corrections}},
  author={Wolfe, P.},
  journal={SIAM Review},
  year={1971},
}
@article{dozat2016nadam,
  title={{Incorporating Nesterov momentum into Adam}},
  journal={International Conference on Learning Representations (ICLR) Workshop},
  author={Dozat, T.},
  year={2016}
}
@article{zeiler2012adadelta,
  title={{Adadelta: An adaptive learning rate method}},
  author={Zeiler, M. D.},
  journal={arXiv:1212.5701},
  year={2012}
}
@article{abadi2016tensorflow,
  title={{TensorFlow: Large-scale machine learning on heterogeneous distributed systems}},
  author={Abadi, M. and Agarwal, A. and Barham, P. and Brevdo, E. and Chen, Z. and Citro, C. and Corrado, G. S. and Davis, A. and Dean, J. and Devin, M. and others},
  journal={arXiv:1603.04467},
  year={2016}
}
@article{sarao2021analytical,
  title={{Analytical study of momentum-based acceleration methods in paradigmatic high-dimensional non-convex problems}},
  author={Sarao Mannelli, S. and Urbani, P.},
  journal={Advances in Neural Information Processing Systems},
  year={2021}
}
@article{yang2016unified,
  title={{Unified convergence analysis of stochastic momentum methods for convex and non-convex optimization}},
  author={Yang, T. and Lin, Q. and Li, Z.},
  journal={arXiv:1604.03257},
  year={2016}
}
@article{andersson2019casadi,
  title={{CasADi: A software framework for nonlinear optimization and optimal control}},
  author={Andersson, J. A. E. and Gillis, J. and Horn, G. and Rawlings, J. B. and Diehl, M.},
  journal={Mathematical Programming Computation},
  year={2019},
}
@article{nesterov1983momentum,
    AUTHOR = {Nesterov, Yu. E.},
     TITLE = {A method for solving the convex programming problem with
              convergence rate {$O(1/k^{2})$}},
   JOURNAL = {Dokl. Akad. Nauk SSSR},
   YEAR = {1983},
}
@article{sarigul2018performance,
    author = {Sarigül, M. and Avci, M.},
    title = {Performance comparison of different momentum techniques on deep reinforcement learning},
    journal = {Journal of Information and Telecommunication},
    year  = {2018},
}
@article{linnainmaa1976taylor,
  title={{Taylor expansion of the accumulated rounding error}},
  author={Linnainmaa, S.},
  journal={BIT Numerical Mathematics},
  year={1976},
}
@article{wengert1964ad,
author = {Wengert, R. E.},
title = {A Simple Automatic Derivative Evaluation Program},
year = {1964},
publisher = {Association for Computing Machinery},
journal = {Communications of the ACM},
}
@book{speelpenning1980compiling,
  title={{Compiling fast partial derivatives of functions given by algorithms}},
  author={Speelpenning, B.},
  year={1980},
  publisher={University of Illinois at Urbana-Champaign}
}
@techreport{boltyanskii1960theory,
  title={{The theory of optimal processes {I}}: The maximum principle},
  author={Boltyanskii, V. G. and Gamkrelidze, R. V. and Pontryagin, L. S.},
  year={1960},
  institution={TRW SPACE TECHNOLOGY LABS LOS ANGELES CALIF}
}
@incollection{hecht1992theory,
  title={{Theory of the backpropagation neural network}},
  author={Hecht-Nielsen, R.},
  booktitle={{Neural Networks for Perception}},
  year={1992},
}
@book{griewank2008evaluating,
  title={{Evaluating derivatives: Principles and techniques of algorithmic differentiation}},
  author={Griewank, A. and Walther, A.},
  year={2008},
  publisher={SIAM}
}
@article{paszke2017automatic,
  title={{Automatic differentiation in PyTorch}},
  author={Paszke, A. and Gross, S. and Chintala, S. and Chanan, G. and Yang, E. and DeVito, Z. and Lin, Z. and Desmaison, A. and Antiga, L. and Lerer, A.},
  year={2017},
  journal={{31st Conference on Neural Information Processing Systems (NIPS2017)}},
}
@article{baydin2018automatic,
  title={{Automatic differentiation in machine learning: A survey}},
  author={Baydin, A. G. and Pearlmutter, B. A. and Radul, A. A. and Siskind, J. M.},
  journal={{Journal of Machine Learning Research}},
  year={2018},
}
@article{beda1958programs,
  author={Beda, L. M. and Korolev, L. N. and Sukkikh, N. V. and Frolova, T. S.},
  title={{Programs for automatic differentiation for the machine BESM (in Russian)}},
  journal={{Technical report, Institute for Precise Mechanics and Computation Techniques, Academy of Science, Moscow, USSR}},
  year={1959}
}
@phdthesis{nolan1953analytical,
  title={{Analytical differentiation on a digital computer}},
  author={Nolan, J. F.},
  year={1953},
  school={{Massachusetts Institute of Technology}},
}
@article{reddi2019adamconv,
  author={Reddi, S. J. and Kale, S. and Kumar, S.},
  title={{On the Convergence of Adam and Beyond}},
  journal={{arXiv:1904.09237}},
  year={2019},
}
@article{ioffe2017batch,
  title={{Batch renormalization: Towards reducing minibatch dependence in batch-normalized models}},
  author={Ioffe, S.},
  journal={Advances in Neural Information Processing Systems},
  year={2017}
}
@article{duchi2011adaptive,
  title={{Adaptive subgradient methods for online learning and stochastic optimization.}},
  author={Duchi, J. and Hazan, E. and Singer, Y.},
  journal={Journal of Machine Learning Research},
  year={2011}
}
@article{choi2019empirical,
  title={{On empirical comparisons of optimizers for deep learning}},
  author={Choi, D. and Shallue, C. J. and Nado, Z. and Lee, J. and Maddison, C. J. and Dahl, G. E.},
  journal={arXiv:1910.05446},
  year={2019}
}
@article{ruder2016overview,
  title={{An overview of gradient descent optimization algorithms}},
  author={Ruder, S.},
  journal={arXiv:1609.04747},
  year={2016}
}
@article{polyak1964some,
  title={{Some methods of speeding up the convergence of iteration methods}},
  author={Polyak, B. T.},
  journal={USSR Computational Mathematics and Mathematical Physics},
  year={1964}
}
@inproceedings{bottou2003large,
  author={Bottou, L. and LeCun, Y.},
  booktitle={Advances in Neural Information Processing Systems},
  title={Large Scale Online Learning},
  year={2003}
}
@article{kiranyaz2014optimization,
  title={{Optimization techniques: An overview}},
  author={Kiranyaz, S. and Ince, T. and Gabbouj, M.},
  journal={Multidimensional Particle Swarm Optimization for Machine Learning and Pattern Recognition},
  year={2014}
}
@book{bonnans2006numerical,
  title={{Numerical optimization: Theoretical and practical aspects}},
  author={Bonnans, J. F. and Gilbert, J. C. and Lemar{\'e}chal, C. and Sagastiz{\'a}bal, C. A.},
  year={2006},
  publisher={Springer Science \& Business Media}
}
@article{dai2002convergence,
  title={{Convergence properties of the BFGS algorithm}},
  author={Dai, Y. H.},
  journal={SIAM Journal on Optimization},
  year={2002},
}
@article{liu1989limited,
  title={{On the limited memory BFGS method for large-scale optimization}},
  author={Liu, D. C. and Nocedal, J.},
  journal={Mathematical Programming},
  year={1989},
}
@INPROCEEDINGS{bock2019adam,
  author={Bock, S. and Wei{\ss}},
  booktitle={{2019 International Joint Conference on Neural Networks (IJCNN)}}, 
  title={{A Proof of Local Convergence for the Adam Optimizer}}, 
  year={2019},
}
@inproceedings{bottou2010large,
  title={Large-scale machine learning with stochastic gradient descent},
  author={Bottou, L.},
  booktitle={Proceedings of COMPSTAT'2010: 19th International Conference on Computational Statistics},
  year={2010}
}
@incollection{bengio2012practical,
  title={{Practical recommendations for gradient-based training of deep architectures}},
  author={Bengio, Y.},
  booktitle={{Neural Networks: Tricks of the Trade}},
  year={2012},
}
@inproceedings{Lin2020Dont,
  title={{Don't Use Large Mini-batches, Use Local SGD}},
  author={Lin, T. and Stich, S. U. and Patel, K. K. and Jaggi, M.},
  booktitle={{International Conference on Learning Representations}},
  year={2020}
}
@inproceedings{le2011optimization,
  author={Le, Q. V. and Ngiam, J. and Coates, A. and Lahiri, A. and Prochnow, B. and Ng, A. Y.},
  title={{On optimization methods for deep learning}},
  year={2011},
  booktitle={{International Conference on Machine Learning}},
}
@book{zhang2021d2d,
  author={Zhang, A. and Lipton, Z. C. and Li, M. and Smola, A. J.},
  title={{Dive into Deep Learning}},
  publisher={Cambridge University Press},
  year={2021},
}
@incollection{bottou2012stochastic,
  title={{Stochastic gradient descent tricks}},
  author={Bottou, L.},
  booktitle={{Neural Networks: Tricks of the Trade}},
  year={2012},
}
@article{bottou2018optimization,
  title={{Optimization methods for large-scale machine learning}},
  author={Bottou, L. and Curtis, F. E. and Nocedal, J.},
  journal={SIAM review},
  year={2018},
}
@book{cox1979theoretical,
  title={{Theoretical statistics}},
  author={Cox, D. R. and Hinkley, D. V.},
  year={1979},
  publisher={CRC Press},
}
@article{levitt1971sgd,
  author={Levitt, H.},
  title={{Transformed Up-Down Methods in Psychoacoustics}},
  journal={{The Journal of the Acoustical Society of America}},
  year={1971},
}
@article{Kiefer1959sgd,
  author={Kiefer, J.},
  title={{Optimum experimental designs}},
  journal={{Journal of the Royal Statistical Society: Series B (Methodological)}},
  year={1959},
}
@article{Kiefer1952sgd,
  author={Kiefer, J. and Wolfowitz, J.},
  title={{Stochastic estimation of the maximum of a regression function}},
  journal={{The Annals of Mathematical Statistics}},
  year={1952},
}
@article{kiefer1953sgd,
  author={Kiefer, J.},
  title={{Sequential minimax search for a maximum}},
  journal={{Proceedings of the American mathematical society}},
  year={1953},
}
@article{robbins1952sgd,
  author={Robbins, H.},
  title={{Some aspects of the sequential design of experiments}},
  journal={{Bulletin of the American Mathematical Society}},
  year={1952},
}
@article{robbins1951sgd,
  author={Robbins, H. and Monro, S.},
  title={{A stochastic approximation method}},
  journal={{The annals of mathematical statistics}},
  year={1951},
}
@article{armijo1966minimization,
  title={{Minimization of functions having Lipschitz continuous first partial derivatives}},
  author={Armijo, L.},
  journal={{Pacific Journal of mathematics}},
  year={1966},
}
@book{golub2013matrix,
  title={{Matrix computations}},
  author={Golub, G. H. and Van Loan, C. F.},
  year={2013},
  publisher={JHU press},
}
@article{hestenes1952methods,
  title={{Methods of conjugate gradients for solving Linear Systems}},
  author={Hestenes, M. R. and Stiefel, E.},
  journal={{Journal of research of the National Bureau of Standards}},
  year={1952},
}
@article {Rosenbrock1960,
  author={Rosenbrock, H. H.},
  title={{An automatic method for finding the greatest or least value of a function}},
  journal={{The computer journal}},
  year={1960},
}
@book{nocedal1999numerical,
  title={{Numerical optimization}},
  author={Nocedal, J. and Wright, S. J.},
  publisher={Springer},
  year={1999},
}
@book {Ben-Tal2001convex,
  author={Ben-Tal, A. and Nemirovski, A.},
  title={{Lectures on modern convex optimization}},
  publisher={{SIAM, Philadelphia, PA; MPS, Philadelphia, PA}},
  year={2001},
}
@book{bertsimas1997introduction,
  title={{Introduction to linear optimization}},
  author={Bertsimas, D. and Tsitsiklis, J. N.},
  year={1997},
  publisher={{Athena Scientific}},
}
@book {luenberger2021liner-nonlinear,
  author={Luenberger, D. G. and Ye, Y.},
  title={{Linear and nonlinear programming}},
  edition={{Fifth}},
  publisher={{Springer, Cham}},
  year={2021},
}
@book{bertsekas1997nonlinear,
  author={Bertsekas, D. P.},
  title={{Nonlinear programming}},
  edition={{Third}},
  publisher={{Athena Scientific}},
  year={2016},
}
@book{bertsekas2003convex,
  author={Bertsekas, D. and Nedi\'{c}, A. and Ozdaglar, A. E.},
  title={{Convex analysis and optimization}},
  publisher={{Athena Scientific}},
  year={2003},
}
@book{boyd2004convex,
    author={Boyd, S. and Vandenberghe, L.},
    title={{Convex optimization}},
    publisher={Cambridge University Press},
    year={2004},
}
@techreport{novikoff1963convergence,
    title={{On convergence proofs for perceptrons}},
    author={Novikoff, A. B.},
    year={1963},
    institution={Stanford Research Inst. Menlo Park CA},
}
@article{bohning1992multinomial,
    title={{Multinomial logistic regression algorithm}},
    author={B{\"o}hning, D.},
    journal={Annals of the institute of Statistical Mathematics},
    year={1992},
}
@book{murphy2012machine,
    title={{Machine learning: a probabilistic perspective}},
    author={Murphy, K. P.},
    year={2012},
    publisher={MIT Press},
}
@article{cover2006elements,
    title={{Elements of information theory 2nd edition (Wiley series in telecommunications and signal processing)}},
    author={Cover, T. M. and Thomas, J. A.},
    journal={Accessed on},
    year={2006},
}
@book{mackay2003information,
    title={{Information theory, inference and learning algorithms}},
    author={MacKay, D. J. C. },
    year={2003},
    publisher={Cambridge University Press},
}
@article{wang2020comprehensive,
    title={{A comprehensive survey of loss functions in machine learning}},
    author={Wang, Q. and Ma, Y. and Zhao, K. and Tian, Y.},
    journal={Annals of Data Science},
    year={2020},
}
@book{commenges2015dynamical,
    title={{Dynamical biostatistical models}},
    author={Commenges, D. and Jacqmin-Gadda, H.},
    year={2015},
    publisher={CRC Press},
}
@article{douma2019analysing,
    title={{Analysing continuous proportions in ecology and evolution: A practical introduction to beta and Dirichlet regression}},
    author={Douma, J. C. and Weedon, J. T.},
    journal={Methods in Ecology and Evolution},
    year={2019},
}

@article{hijazi2009modelling,
    title={{Modelling compositional data using Dirichlet regression models}},
    author={Hijazi, R. H. and Jernigan, R. W.},
    journal={Journal of Applied Probability \& Statistics},
    year={2009},
}
@article{gueorguieva2008dirichlet,
    title={{Dirichlet component regression and its applications to psychiatric data}},
    author={Gueorguieva, R. and Rosenheck, R. and Zelterman, D.},
    journal={Computational Statistics \& Data Analysis},
    year={2008},
}
@article{schein2007active,
    title={{Active learning for logistic regression: an evaluation}},
    author={Schein, A. I. and Ungar, L. H.},
    journal={Machine Learning},
    year={2007},
}
@article{maalouf2011logistic,
    title={{Logistic regression in data analysis: an overview}},
    author={Maalouf, M.},
    journal={International Journal of Data Analysis Techniques and Strategies},
    year={2011},
}
@incollection{bridle1990probabilistic,
    title={{Probabilistic interpretation of feedforward classification network outputs, with relationships to statistical pattern recognition}},
    author={Bridle, J. S.},
    booktitle={{Neurocomputing}},
    year={1990},
}
@book{dobson2018introduction,
    author={Dobson, A. J. and Barnett, A. G.},
    title={{An introduction to generalized linear models}},
    publisher={Chapman and Hall/CRC},
    year={2018},
}
@article{shashua2002ranking,
    title={{Ranking with large margin principle: Two approaches}},
    author={Shashua, A. and Levin, A.},
    journal={Advances in neural information processing systems},
    year={2002},
}
@book{agresti2010analysis,
    author={Agresti, A.},
    title={{Analysis of ordinal categorical data}},
    publisher={John Wiley \& Sons},
    year={2010},
}
@book{agresti2003categorical,
    author={Agresti, A.},
    title={{Categorical data analysis}},
    publisher={John Wiley \& Sons},
    year={2003},
}
@book{hilbe2009logistic,
    author={Hilbe, J. M.},
    title={{Logistic regression models}},
    publisher={Chapman and Hall/CRC},
    year={2009},
}
@book{hosmer2013applied,
    author={Hosmer Jr, D. W. and Lemeshow, S. and Sturdivant, R. X.},
    title={{Applied logistic regression}},
    publisher={John Wiley \& Sons},
    year={2013},
}
@article{bliss1934,
    title={{The method of probits}},
    author={Bliss, C. I.},
    journal={Science},
    year={1934},
}
@article{cramer2002origins,
    title={{The origins of logistic regression}},
    author={Cramer, J. S.},
    year={2002},
    journal={Tinbergen Institute Working Paper No. 2002-119/4},
}
@article{baldi1989neural,
    title={{Neural networks and principal component analysis: Learning from examples without local minima}},
    author={Baldi, P. and Hornik, K.},
    journal={Neural networks},
    year={1989},
}
@article{bourlard1988auto,
    title={{Auto-association by multilayer perceptrons and singular value decomposition}},
    author={Bourlard, H. and Kamp, Y.},
    journal={Biological cybernetics},
    year={1988},
}
@book{roberts2021principles,
    title={{The principles of deep learning theory}},
    author={Roberts, D. A. and Yaida, S. and Hanin, B.},
    publisher={Cambridge University Press},
    year={2022},
}
@article{plaut2018principal,
    title={{From principal subspaces to principal components with linear autoencoders}},
    author={Plaut, E.},
    journal={arXiv:1804.10253},
    year={2018},
}
@book{jolliffe2002principal,
    title={{Principal component analysis for special types of data}},
    author={Jolliffe, I. T.},
    year={2002},
    publisher={Springer},
}
@article{hotelling1933analysis,
    title={{Analysis of a complex of statistical variables into principal components.}},
    author={Hotelling, H.},
    journal={Journal of educational psychology},
    year={1933},
}
@article{pearson1901liii,
    title={{LIII. On lines and planes of closest fit to systems of points in space}},
    author={Pearson, K.},
    journal={The London, Edinburgh, and Dublin philosophical magazine and journal of science},
    year={1901},
}
@article{jain1999data,
    title={{Data clustering: a review}},
    author={Jain, A. K. and Murty, M. N. and Flynn, P. J.},
    journal={ACM computing surveys (CSUR)},
    year={1999},
}
@article{murtagh2012algorithms,
    title={{Algorithms for hierarchical clustering: an overview}},
    author={Murtagh, F. and Contreras, P.},
    journal={Wiley Interdisciplinary Reviews: Data Mining and Knowledge Discovery},
    year={2012},
}
@article{ezugwu2022comprehensive,
    title={{A comprehensive survey of clustering algorithms: State-of-the-art machine learning applications, taxonomy, challenges, and future research prospects}},
    author={Ezugwu, A. E. and Ikotun, A. M. and Oyelade, O. O. and Abualigah, L. and Agushaka, J. O. and Eke, C. I. and Akinyelu, A. A.},
    journal={Engineering Applications of Artificial Intelligence},
    year={2022},
}
@book{kaufman2009finding,
    title={{Finding groups in data: an introduction to cluster analysis}},
    author={Kaufman, L. and Rousseeuw, P. J.},
    year={2009},
    publisher={John Wiley \& Sons},
}
@article{zeng2000distribution,
    title={{Distribution-balanced stratified cross-validation for accuracy estimation}},
    author={Zeng, X. and Martinez, T. R.},
    journal={Journal of Experimental \& Theoretical Artificial Intelligence},
    year={2000},
}
@article{breiman1984classification,
    title={{Classification and regression trees. Wadsworth \& Brooks}},
    author={Breiman, L. and Friedman, J. H. and Olshen, R. A. and Stone, C. J.},
    journal={Cole Statistics/Probability Series},
    year={1984},
}
@article{kim2009estimating,
    title={{Estimating classification error rate: Repeated cross-validation, repeated hold-out and bootstrap}},
    author={Kim, J. H.},
    journal={Computational statistics \& data analysis},
    year={2009},
}
@article{jung2018multiple,
    title={{Multiple predicting K-fold cross-validation for model selection}},
    author={Jung, Y.},
    journal={Journal of Nonparametric Statistics},
    year={2018},
}
@article{wong2019reliable,
    title={{Reliable accuracy estimates from k-fold cross-validation}},
    author={Wong, T.  and Yeh, P.},
    journal={IEEE Transactions on Knowledge and Data Engineering},
    year={2019},
}
@article{hastie2015statistical,
    title={{Statistical learning with sparsity}},
    author={Hastie, T. and Tibshirani, R. and Wainwright, M.},
    journal={Monographs on statistics and applied probability},
    year={2015},
}
@article{claeskens2008model,
    title={{Model selection and model averaging}},
    author={Claeskens, G. and Hjort, N. L.},
    journal={Cambridge Books},
    year={2008},
}
@article{stoica2004model,
    title={{Model-order selection: a review of information criterion rules}},
    author={Stoica, P. and Selen, Y.},
    journal={IEEE Signal Processing Magazine},
    year={2004},
}
@article{malan2021survey,
    title={{A survey of advances in landscape analysis for optimization}},
    author={Malan, K. M.},
    journal={Algorithms},
    year={2021},
}
@article{mei2018landscape,
    title={{The landscape of empirical risk for nonconvex losses}},
    author={Mei, S. and Bai, Y. and Montanari, A.},
    journal={The Annals of Statistics},
    year={2018},
}
@book{hardy1993regression,
    title={{Regression with dummy variables}},
    author={Hardy, M. A.},
    year={1993},
    publisher={Sage},
}
@article{huber1973robust,
    title={{Robust regression: asymptotics, conjectures and Monte Carlo}},
    author={Huber, P. J.},
    journal={The Annals of Statistics},
    year={1973},
}
@article{narula1982minimum,
    title={{The minimum sum of absolute errors regression: A state of the art survey}},
    author={Narula, S. C. and Wellington, J. F.},
    journal={International Statistical Review/Revue Internationale de Statistique},
    year={1982},
}
@article{mansfield1982detecting,
    title={{Detecting multicollinearity}},
    author={Mansfield, E. R. and Helms, B. P.},
    journal={The American Statistician},
    year={1982},
}
@incollection{cline2006computation,
  title={Computation of the singular value decomposition},
    author={Cline, A. K. and Dhillon, I. S.},
  booktitle={Handbook of linear algebra},
  year={2006},
}
@incollection{golub1971singular,
    title={{Singular value decomposition and least squares solutions}},
    author={Golub, G. H. and Reinsch, C.},
    booktitle={{Linear algebra}},
    year={1971},
}
@article{mirsky1960symmetric,
    title={{Symmetric gauge functions and unitarily invariant norms}},
    author={Mirsky, L.},
    journal={The quarterly journal of mathematics},
    year={1960},
}
@inproceedings{macqueen1967some,
    title={{Some methods for classification and analysis of multivariate observations}},
    author={MacQueen, J.},
    booktitle={{Proceedings of the 5th Berkeley symposium on mathematical statistics and probability}},
    year={1967},
}
@article{lemarechal2012cauchy,
    title={{Cauchy and the gradient method}},
    author={Lemar{\'e}chal, C.},
    journal={Doc Math Extra},
    year={2012},
}
@inproceedings{zhou2015reductionqq,
    title={{A reduction of the elastic net to support vector machines with an application to GPU computing}},
    author={Zhou, Q. and Chen, W. and Song, S. and Gardner, J. and Weinberger, K. and Chen, Y.},
    booktitle={{Proceedings of the AAAI Conference on Artificial Intelligence}},
    year={2015},
}
@article{zou2005regularization,
    title={{Regularization and variable selection via the elastic net}},
    author={Zou, H. and Hastie, T.},
    journal={Journal of the Royal Statistical Society: Series B (Statistical Methodology)},
    year={2005},
}
@inproceedings{tikhonov1943stability,
    title={{On the stability of inverse problems}},
    author={Tikhonov, A. N.},
    booktitle={{Comptes Rendus de l'Académie des Sciences de l'URSS}},
    year={1943},
}
@article{do2012numerically,
    title={{Numerically efficient methods for solving least squares problems}},
    author={DO Q, L.},
    journal={Pennsylvania State University},
    year={2012},
}
@article{eckart1936approximation,
    title={{The approximation of one matrix by another of lower rank}},
    author={Eckart, C. and Young, G.},
    journal={Psychometrika},
    year={1936},
}
@article{golub1968least,
    title={{Least squares, singular values and matrix approximations}},
    author={Golub, G. H.},
    journal={Aplikace matematiky},
    year={1968},
}
@inproceedings{penrose1955generalized,
    title={{A generalized inverse for matrices}},
    author={Penrose, R.},
    booktitle={{Mathematical proceedings of the Cambridge Philosophical Society}},
    year={1955},
}
@book{bjerhammar1951application,
    title={{Application of calculus of matrices to method of least squares: with special reference to geodetic calculations}},
    author={Bjerhammar, A.},
    year={1951},
    publisher={Elander},
}
@article{moore1920reciprocal,
    title={{On the reciprocal of the general algebraic matrix}},
    author={Moore, E. H.},
    journal={Bull. Am. Math. Soc.},
    year={1920},
}
@article{gauss1809,
    title={{Theoria Motus Corporum Coelestium. Perthes, Hamburg.}},
    author={{Gauss, C. F.}},
    year={1809},
    journal={{Translation reprinted as Theory of the Motions of the Heavenly Bodies Moving about the Sun in Conic Sections. Dover, New York, 1963}},
}
@article{stigler1981gauss,
    title={{Gauss and the invention of least squares}},
    author={Stigler, S. M.},
    journal={The Annals of Statistics},
    year={1981},
}
@book{Schapire2012,
  author = {Schapire, R. E. and Freund, Y.},
  title = {Boosting: Foundations and Algorithms},
  year = {2012},
  isbn = {0262017180},
  publisher = {The MIT Press}
}
@inproceedings{chen2016xgboost,
  title = {{Xgboost: A scalable tree boosting system}},
  author = {Chen, T. and Guestrin, C.},
  booktitle = {{Proceedings of the 22nd ACM SIGKDD International Conference on Knowledge Discovery and Data Mining}},
  year = {2016}
}
@article{breiman2001random,
  title = {{Random forests}},
  author = {Breiman, L.},
  journal = {Machine Learning},
  year = {2001}
}
@article{breiman1996bagging,
  title = {{Bagging predictors}},
  author = {Breiman, L.},
  journal = {Machine Learning},
  year = {1996}
}
@book{vapnick1998statistical,
  author = {Vapnick, V. N.},
  title = {{Statistical Learning Theory}},
  year = {1998},
  publisher = {Wiley, New York}
}
@misc{van1979information,
  title = {{Information Retrieval (Book 2nd ed)}},
  author = {Van Rijsbergen, C.},
  year = {1979},
  publisher = {Butterworth-Heinemann Newton, MA, USA}
}
@article{hand2012,
  title = {{Assessing the performance of classification methods}},
  author = {Hand, D. J.},
  journal = {International Statistical Review},
  year = {2012}
}
@article{Obuchowski_2018,
  year = {2018},
  author = {N. A. Obuchowski and J. A. Bullen},
  title = {{Receiver Operating Characteristic (ROC) Curves: Review of Methods with Applications in Diagnostic Medicine}},
  journal = {Physics in Medicine \& Biology}
}
@article{bradley1997use,
  title = {{The use of the area under the ROC curve in the evaluation of machine learning algorithms}},
  author = {Bradley, A. P.},
  journal = {Pattern Recognition},
  year = {1997}
}
@article{emmert2019,
  title = {{A comprehensive survey of error measures for evaluating binary decision making in data science}},
  author = {Emmert-Streib, F. and Moutari, S. and Dehmer, M.},
  journal = {Wiley Interdisciplinary Reviews: Data Mining and Knowledge Discovery},
  year = {2019}
}
@book{smlbook,
  author = {Lindholm, A. and Wahlstr\"om, N. and Lindsten, F. and Sch\"on, T. B.},
  year = {2022},
  title = {{Machine Learning - A First Course for Engineers and Scientists}},
  publisher = {Cambridge University Press},
}
@book{simonoff2012smoothing,
  title = {{Smoothing Methods in Statistics}},
  author = {Simonoff, J. S.},
  year = {2012},
  publisher = {Springer Science \& Business Media}
}
@article{cleveland1979robust,
  title = {{Robust locally weighted regression and smoothing scatterplots}},
  author = {Cleveland, W. S.},
  journal = {Journal of the American Statistical Association},
  year = {1979}
}
@book{hastie2017generalized,
  title = {{Generalized Additive Models}},
  author = {Hastie, T. J. and Tibshirani, R. J.},
  year = {2017},
  publisher = {Routledge}
}
@book{faraway2016extending,
  title = {{Extending the Linear Model with R: Generalized Linear, Mixed Effects and Nonparametric Regression Models}},
  author = {Faraway, J. J.},
  year = {2016},
  publisher = {Chapman and Hall/CRC}
}
@article{chen2021review,
  title = {{Review of image classification algorithms based on convolutional neural networks}},
  author = {Chen, L. and Li, S. and Bai, Q. and Yang, J. and Jiang, S. and Miao, Y.},
  journal = {Remote Sensing},
  year = {2021}
}
@article{nelder1972generalized,
  title = {{Generalized Linear Models}},
  author = {Nelder, J. A. and Wedderburn, R. W. M.},
  journal = {Journal of the Royal Statistical Society: Series A},
  year = {1972}
}
@article{yang2005can,
  title = {{Can the strengths of AIC and BIC be shared? A conflict between model identification and regression estimation}},
  author = {Yang, Y.},
  journal = {Biometrika},
  year = {2005}
}
@article{akaike1974new,
  title = {{A new look at the statistical model identification}},
  author = {Akaike, H.},
  journal = {IEEE Transactions on Automatic Control},
  year = {1974}
}
@inproceedings{sermanet2011traffic,
  title = {{Traffic Sign Recognition with Multi-Scale Convolutional Networks}},
  author = {Sermanet, P. and LeCun, Y.},
  booktitle = {{The 2011 International Joint Conference on Neural Networks}},
  year = {2011}
}
@inproceedings{li2014medical,
  title = {{Medical Image Classification with Convolutional Neural Network}},
  author = {Li, Q. and Cai, W. and Wang, X. and Zhou, Y. and Feng, D. D. and Chen, M.},
  booktitle = {{2014 13th International Conference on Control Automation Robotics \& Vision (ICARCV)}},
  year = {2014}
}
@article{berger1988likelihood,
  title = {{The Likelihood Principle: A Review, Generalizations, and Statistical Implications}},
  author = {Berger, J. O. and Wolpert, R. L.},
  journal = {{Lecture Notes—Monograph Series}},
  year = {1988}
}
@book{montgomery2017design,
  title = {{Design and Analysis of Experiments}},
  author = {Montgomery, D. C.},
  year = {2017},
  publisher = {John Wiley \& Sons}
}
@article{breiman2001statistical,
  title = {{Statistical Modeling: The Two Cultures (with Comments and a Rejoinder by the Author)}},
  author = {Breiman, L.},
  journal = {{Statistical Science}},
  year = {2001}
}
@book{burkov2019hundred,
  title = {{The Hundred-Page Machine Learning Book}},
  author = {Burkov, A.},
  year = {2019},
  publisher = {Andriy Burkov Quebec City, QC, Canada}
}
@article{harrison1978hedonic,
  title = {{Hedonic Housing Prices and the Demand for Clean Air}},
  author = {Harrison Jr, D. and Rubinfeld, D. L.},
  journal = {{Journal of Environmental Economics and Management}},
  year = {1978}
}
@article{ulku2022survey,
  title = {{A Survey on Deep Learning-Based Architectures for Semantic Segmentation on 2D Images}},
  author = {Ulku, I. and Akag{\"u}nd{\"u}z, E.},
  journal = {{Applied Artificial Intelligence}},
  year = {2022}
}
@InProceedings{maas-EtAl:2011:ACL-HLT2011,
  author = {Maas, A. L. and Daly, R. E. and Pham, P. T. and Huang, D. and Ng, A. Y. and Potts, C.},
  title = {{Learning Word Vectors for Sentiment Analysis}},
  booktitle = {{Proceedings of the 49th Annual Meeting of the Association for Computational Linguistics: Human Language Technologies}},
  year = {2011}
}
@inproceedings{noh2015learning,
  title = {{Learning Deconvolution Network for Semantic Segmentation}},
  author = {Noh, H. and Hong, S. and Han, B.},
  booktitle = {{Proceedings of the IEEE International Conference on Computer Vision}},
  year = {2015}
}


@book{murphy2022probabilistic,
  title = {{Probabilistic Machine Learning: An Introduction}},
  author = {Murphy, K. P.},
  year = {2022},
  publisher = {{MIT Press}}
}
@article{garg2020advances,
  title = {{Advances in Quantum Deep Learning: An Overview}},
  author = {Garg, S. and Ramakrishnan, G.},
  journal = {{arXiv:2005.04316}},
  year = {2020}
}
@article{kingma2016improved,
  title = {{Improved Variational Inference with Inverse Autoregressive Flow}},
  author = {Kingma, D. P. and Salimans, T. and Jozefowicz, R. and Chen, X. and Sutskever, I. and Welling, M.},
  journal = {{Advances in Neural Information Processing Systems}},
  year = {2016}
}
@book{pearl2018book,
  title = {{The Book of Why: The New Science of Cause and Effect}},
  author = {Pearl, J. and Mackenzie, D.},
  year = {2018},
  publisher = {Basic Books}
}
@inproceedings{wang2023yolov7,
  title = {{YOLOv7: Trainable Bag-of-Freebies Sets New State-of-the-Art for Real-Time Object Detectors}},
  author = {Wang, C. Y. and Bochkovskiy, A. and Liao, H. Y. M.},
  booktitle = {{Proceedings of the IEEE/CVF Conference on Computer Vision and Pattern Recognition}},
  year = {2023}
}
@article{zou2023object,
  title = {{Object Detection in 20 Years: A Survey}},
  author = {Zou, Z. and Chen, K. and Shi, Z. and Guo, Y. and Ye, J.},
  journal = {{Proceedings of the IEEE}},
  year = {2023}
}
@article{jospin2020hands,
  title = {{Hands-on Bayesian Neural Networks--A Tutorial for Deep Learning Users}},
  author = {Jospin, L. V. and Buntine, W. and Boussaid, F. and Laga, H. and Bennamoun, M.},
  journal = {{arXiv:2007.06823}},
  year = {2020}
}
@article{tavanaei2019deep,
  title = {{Deep Learning in Spiking Neural Networks}},
  author = {Tavanaei, A. and Ghodrati, M. and Kheradpisheh, S. R. and Masquelier, T. and Maida, A.},
  journal = {{Neural Networks}},
  year = {2019}
}
@book{miller1998wordnet,
  title = {{WordNet: An Electronic Lexical Database}},
  author = {Miller, G. A.},
  year = {1998},
  publisher = {{MIT Press}}
}
@inproceedings{girshick2015fast,
  title = {{Fast R-CNN}},
  author = {Girshick, R.},
  booktitle = {{Proceedings of the IEEE International Conference on Computer Vision}},
  year = {2015}
}
@inproceedings{deng2009imagenet,
  title = {{ImageNet: A Large-Scale Hierarchical Image Database}},
  author = {Deng, J. and Dong, W. and Socher, R. and Li, L. and Li, K. and Fei-Fei, L.},
  booktitle = {{2009 IEEE Conference on Computer Vision and Pattern Recognition}},
  year = {2009}
}
@article{hassabis2017artificial,
  title = {{Artificial Intelligence: Chess Match of the Century}},
  author = {Hassabis, D.},
  journal = {{Nature}},
  year = {2017}
}
@book{pytorchpocket2021,
  title = {{PyTorch Pocket Reference: Building and Deploying Deep Learning Model}},
  author = {Papa, J.},
  year = {2021},
  publisher = {O'Reilly Media}
}
@book{deisenroth2020mathematics,
  title = {{Mathematics for Machine Learning}},
  author = {Deisenroth, M. P. and Faisal, A. A. and Ong, C. S.},
  year = {2020},
  publisher = {{Cambridge University Press}}
}
@book{calin2020deep,
  title = {{Deep Learning Architectures}},
  author = {Calin, O.},
  year = {2020},
  publisher = {Springer}
}
@article{ng2017machine,
  title = {{Machine Learning Yearning}},
  author = {Ng, A.},
  journal = {{\url{https://info.deeplearning.ai/machine-learning-yearning-book}}},
  year = {2017}
}
@book{geron2019hands,
  title = {{Hands-On Machine Learning with Scikit-Learn, Keras, and TensorFlow: Concepts, Tools, and Techniques to Build Intelligent Systems}},
  author = {G{\'e}ron, A.},
  year = {2019},
  publisher = {O'Reilly Media}
}
@book{pandya1995pattern,
  title = {{Pattern Recognition with Neural Networks in C++}},
  author = {Pandya, A. S. and Macy, R. B.},
  year = {1995},
  publisher = {{CRC Press}}
}
@book{allaire2018deep,
  title = {{Deep Learning with R}},
  author = {Allaire, J. J.},
  year = {2018},
  publisher = {Simon and Schuster}
}
@book{ramalho2021fluent,
  title = {{Fluent Python}},
  author = {Ramalho, L.},
  year = {2021},
  publisher = {O'Reilly Media, Incorporated}
}
@book{turing1950computing,
  title = {{Computing Machinery and Intelligence}},
  author = {Turing, A. M. and Haugeland, J.},
  year = {1950},
  publisher = {{MIT Press Cambridge, MA}}
}
@techreport{rumelhart1985learning,
  title = {{Learning Internal Representations by Error Propagation}},
  author = {Rumelhart, D. E. and Hinton, G. E. and Williams, R. J.},
  year = {1985},
  institution = {{California Univ San Diego La Jolla Inst for Cognitive Science}}
}
@article{hassabis2017neuroscience,
  title = {{Neuroscience-Inspired Artificial Intelligence}},
  author = {Hassabis, D. and Kumaran, D. and Summerfield, C. and Botvinick, M.},
  journal = {{Neuron}},
  year = {2017}
}
@article{savage2019ai,
  title = {{How AI and Neuroscience Drive Each Other Forwards}},
  author = {Savage, N.},
  journal = {{Nature}},
  year = {2019}
}
@incollection{fukushima1982neocognitron,
  title = {{Neocognitron: A Self-Organizing Neural Network Model for a Mechanism of Visual Pattern Recognition}},
  author = {Fukushima, K. and Miyake, S.},
  booktitle = {{Competition and Cooperation in Neural Nets}},
  year = {1982}
}
@article{tan2021efficientnetv2,
  title = {{EfficientNetV2: Smaller Models and Faster Training}},
  author = {Tan, M. and Le, Q. V.},
  journal = {{International Conference on Machine Learning, PMLR}},
  year = {2021}
}
@inproceedings{tan2019efficientnet,
  title = {{EfficientNet: Rethinking Model Scaling for Convolutional Neural Networks}},
  author = {Tan, M. and Le, Q.},
  booktitle = {{International Conference on Machine Learning}},
  year = {2019}
}
@article{yao2019review,
  title = {{A Review of Convolutional-Neural-Network-Based Action Recognition}},
  author = {Yao, G. and Lei, T. and Zhong, J.},
  journal = {{Pattern Recognition Letters}},
  year = {2019}
}
@article{sharma2021video,
  title = {{Video Processing Using Deep Learning Techniques: A Systematic Literature Review}},
  author = {Sharma, V. and Gupta, M. and Kumar, A. and Mishra, D.},
  journal = {{IEEE Access}},
  year = {2021}
}
@article{dosovitskiy2020image,
  title = {{An Image Is Worth 16x16 Words: Transformers for Image Recognition at Scale}},
  author = {Dosovitskiy, A. and Beyer, L. and Kolesnikov, A. and Weissenborn, D. and Zhai, X. and Unterthiner, T. and Dehghani, M. and Minderer, M. and Heigold, G. and Gelly, S. and others},
  journal = {{arXiv:2010.11929}},
  year = {2020}
}
@inproceedings{wang2016temporal,
  title = {{Temporal Segment Networks: Towards Good Practices for Deep Action Recognition}},
  author = {Wang, L. and Xiong, Y. and Wang, Z. and Qiao, Y. and Lin, D. and Tang, X. and Van Gool, L.},
  booktitle = {{European Conference on Computer Vision}},
  year = {2016}
}
@inproceedings{feichtenhofer2016convolutional,
  title = {{Convolutional Two-Stream Network Fusion for Video Action Recognition}},
  author = {Feichtenhofer, C. and Pinz, A. and Zisserman, A.},
  booktitle = {{Proceedings of the IEEE Conference on Computer Vision and Pattern Recognition}},
  year = {2016}
}
@article{simonyan2014two,
  title = {{Two-Stream Convolutional Networks for Action Recognition in Videos}},
  author = {Simonyan, K. and Zisserman, A.},
  journal = {{Advances in Neural Information Processing Systems}},
  year = {2014}
}
@article{canziani2016analysisxxxqqq,
  title = {{An Analysis of Deep Neural Network Models for Practical Applications}},
  author = {Canziani, A. and Paszke, A. and Culurciello, E.},
  journal = {{arXiv:1605.07678}},
  year = {2016}
}
@article{garcia2018survey,
  title = {{A Survey on Deep Learning Techniques for Image and Video Semantic Segmentation}},
  author = {Garcia-Garcia, A. and Orts-Escolano, S. and Oprea, S. and Villena-Martinez, V. and Martinez-Gonzalez, P. and Garcia-Rodriguez, J.},
  journal = {{Applied Soft Computing}},
  year = {2018}
}
@inproceedings{wu2017face,
  title = {{Face Recognition Based on Convolution Siamese Networks}},
  author = {Wu, H. and Xu, Z. and Zhang, J. and Yan, W. and Ma, X.},
  booktitle = {{2017 10th International Congress on Image and Signal Processing, BioMedical Engineering and Informatics (CISP-BMEI)}},
  year = {2017}
}
@inproceedings{zhao2018modeling,
  title = {{Modeling 4D fMRI Data via Spatio-Temporal Convolutional Neural Networks (ST-CNN)}},
  author = {Zhao, Y. and Li, X. and Zhang, W. and Zhao, S. and Makkie, M. and Zhang, M. and Li, Q. and Liu, T.},
  booktitle = {{Medical Image Computing and Computer Assisted Intervention--MICCAI 2018: 21st International Conference, 2018, Proceedings, Part III 11}},
  year = {2018}
}
@inproceedings{karpathy2014large,
  title = {{Large-Scale Video Classification with Convolutional Neural Networks}},
  author = {Karpathy, A. and Toderici, G. and Shetty, S. and Leung, T. and Sukthankar, R. and Fei-Fei, L.},
  booktitle = {{Proceedings of the IEEE Conference on Computer Vision and Pattern Recognition}},
  year = {2014}
}
@inproceedings{hu2015face,
  title = {{When Face Recognition Meets with Deep Learning: An Evaluation of Convolutional Neural Networks for Face Recognition}},
  author = {Hu, G. and Yang, Y. and Yi, D. and Kittler, J. and Christmas, W. and Li, S. Z. and Hospedales, T.},
  booktitle = {{Proceedings of the IEEE International Conference on Computer Vision Workshops}},
  year = {2015}
}
@inproceedings{he2017mask,
  title = {{Mask R-CNN}},
  author = {He, K. and Gkioxari, G. and Dollár, P. and Girshick, R.},
  booktitle = {{Proceedings of the IEEE International Conference on Computer Vision}},
  year = {2017}
}
@article{badrinarayanan2017segnet,
  title = {{SegNet: A Deep Convolutional Encoder-Decoder Architecture for Image Segmentation}},
  author = {Badrinarayanan, V. and Kendall, A. and Cipolla, R.},
  journal = {{IEEE Transactions on Pattern Analysis and Machine Intelligence}},
  year = {2017}
}
@inproceedings{bolya2019yolact,
  title = {{YOLACT: Real-Time Instance Segmentation}},
  author = {Bolya, D. and Zhou, C. and Xiao, F. and Lee, Y. J.},
  booktitle = {{Proceedings of the IEEE/CVF International Conference on Computer Vision}},
  year = {2019}
}
@inproceedings{liu2018path,
  title = {{Path Aggregation Network for Instance Segmentation}},
  author = {Liu, S. and Qi, L. and Qin, H. and Shi, J. and Jia, J.},
  booktitle = {{Proceedings of the IEEE Conference on Computer Vision and Pattern Recognition}},
  year = {2018}
}
@article{minaee2021image,
  title = {{Image Segmentation Using Deep Learning: A Survey}},
  author = {Minaee, S. and Boykov, Y. Y. and Porikli, F. and Plaza, A. J. and Kehtarnavaz, N. and Terzopoulos, D.},
  journal = {{IEEE Transactions on Pattern Analysis and Machine Intelligence}},
  year = {2021}
}

@article{srivastava14,
  author = {N. Srivastava and G. Hinton and A. Krizhevsky and I. Sutskever and R. Salakhutdinov},
  title = {Dropout: A Simple Way to Prevent Neural Networks from Overfitting},
  journal = {{Journal of Machine Learning Research}},
  year = {2014},
 }
@misc{santurkar2019,
  title = {{How Does Batch Normalization Help Optimization?}},
  author = {S. Santurkar and D. Tsipras and A. Ilyas and A. Madry},
  year = {2019},
  eprint = {1805.11604},
  archivePrefix = {{arXiv}},
  primaryClass = {stat.ML}
}
@article{schmidhuber2022annotated,
  title={{Annotated history of modern AI and Deep learning}},
  author={Schmidhuber, J{\"u}rgen},
  journal={arXiv:2212.11279},
  year={2022}
}
@article{loffe2015,
  author = {S. Ioffe and C. Szegedy},
  title = {Batch Normalization: Accelerating Deep Network Training by Reducing Internal Covariate Shift},
  journal = {{International Conference on Machine Learning, PMLR}},
  year = {2015},
}
@article{LESHNO1993,
  title = {Multilayer feedforward networks with a nonpolynomial activation function can approximate any function},
  journal = {Neural Networks},
  year = {1993},
  author = {Leshno, M. and Lin, V. Y. and Pinkus, A. and Schocken, S.},
  keywords = {Multilayer feedforward networks, Activation functions, Role of threshold, Universal approximation capabilities, (μ) approximation}
}
@article{lin2017does,
  title = {Why does deep and cheap learning work so well?},
  author = {Lin, H. W. and Tegmark, M. and Rolnick, D.},
  journal = {Journal of Statistical Physics},
  year = {2017},
}
@article{rosenblatt1958perceptronxxxqqq,
  title = {The perceptron: a probabilistic model for information storage and organization in the brain.},
  author = {Rosenblatt, F.},
  journal = {Psychological review},
  year = {1958},
}
@article{hopfield1982neural,
  title = {Neural networks and physical systems with emergent collective computational abilities},
  author = {Hopfield, J. J.},
  journal = {Proceedings of the national academy of sciences},
  year = {1982},
}
@inproceedings{gal2016dropout,
  title = {Dropout as a bayesian approximation: Representing model uncertainty in deep learning},
  author = {Gal, Y. and Ghahramani, Z.},
  booktitle = {International conference on machine learning},
  year = {2016},
}
@article{loshchilov2017decoupled,
  title = {Decoupled weight decay regularization},
  author = {Loshchilov, I. and Hutter, F.},
  journal = {arXiv:1711.05101},
  year = {2017},
}
@article{kukavcka2017regularization,
  title = {Regularization for deep learning: A taxonomy},
  author = {Kuka{\v{c}}ka, J. and Golkov, V. and Cremers, D.},
  journal = {arXiv:1710.10686},
  year = {2017},
}
@inproceedings{ioffe2015batch,
  title = {Batch normalization: Accelerating deep network training by reducing internal covariate shift},
  author = {Ioffe, S. and Szegedy, C.},
  booktitle = {International conference on machine learning},
  year = {2015},
}
@article{arora2018theoretical,
  title = {Theoretical analysis of auto rate-tuning by batch normalization},
  author = {Arora, S. and Li, Z. and Lyu, K.},
  journal = {arXiv:1812.03981},
  year = {2018},
}
@article{huang2023normalization,
  title = {Normalization techniques in training dnns: Methodology, analysis and application},
  author = {Huang, L. and Qin, J. and Zhou, Y. and Zhu, F. and Liu, L. and Shao, L.},
  journal = {IEEE Transactions on Pattern Analysis and Machine Intelligence},
  year = {2023},
}
@article{ulyanov2016instance,
  title = {Instance normalization: The missing ingredient for fast stylization},
  author = {Ulyanov, D. and Vedaldi, A. and Lempitsky, V.},
  journal = {arXiv:1607.08022},
  year = {2016},
}
@inproceedings{chopra2005learning,
  title = {Learning a similarity metric discriminatively, with application to face verification},
  author = {Chopra, S. and Hadsell, R. and LeCun, Y.},
  booktitle = {2005 IEEE computer society conference on computer vision and pattern recognition (CVPR'05)},
  year = {2005},
}
@inproceedings{schroff2015facenet,
  title = {Facenet: A unified embedding for face recognition and clustering},
  author = {Schroff, F. and Kalenichenko, D. and Philbin, J.},
  booktitle = {Proceedings of the IEEE conference on computer vision and pattern recognition},
  year = {2015},
}
@inproceedings{maas2013rectifier,
  title = {Rectifier nonlinearities improve neural network acoustic models},
  author = {Maas, A. L. and Hannun, A. Y. and Ng, A. Y.},
  booktitle = {International Conference on Machine Learning},
  year = {2013},
}
@inproceedings{pascanu2013difficulty,
  title = {{On the difficulty of training recurrent neural networks}},
  author = {Pascanu, R. and Mikolov, T. and Bengio, Y.},
  booktitle = {{International conference on machine learning}},
  year = {2013},
}
@inproceedings{he2015delving,
  title = {{Delving deep into rectifiers: Surpassing human-level performance on imagenet classification}},
  author = {He, K. and Zhang, X. and Ren, S. and Sun, J.},
  booktitle = {{Proceedings of the IEEE international conference on computer vision}},
  year = {2015},
}
@inproceedings{glorot2010understanding,
  title = {{Understanding the difficulty of training deep feedforward neural networks}},
  author = {Glorot, X. and Bengio, Y.},
  booktitle = {{Proceedings of the thirteenth international conference on artificial intelligence and statistics}},
  year = {2010},
}
@inproceedings{NIPS1991_8eefcfdf,
  author = {Krogh, A. and Hertz, J.},
  booktitle = {{Advances in Neural Information Processing Systems}},
  title = {{A Simple Weight Decay Can Improve Generalization}},
  year = {1991},
}

@inproceedings{hara2016analysis,
  title = {{Analysis of dropout learning regarded as ensemble learning}},
  author = {Hara, K. and Saitoh, D. and Shouno, H.},
  booktitle = {{Artificial Neural Networks and Machine Learning--ICANN 2016: 25th International Conference on Artificial Neural Networks, Barcelona, Spain, September 6-9, 2016, Proceedings, Part II 25}},
  year = {2016},
}

@article{srivastava2014dropout,
  title = {{Dropout: a simple way to prevent neural networks from overfitting}},
  author = {Srivastava, N. and Hinton, G. and Krizhevsky, A. and Sutskever, I. and Salakhutdinov, R.},
  journal = {{The journal of machine learning research}},
  year = {2014},
}

@article{hinton2012improving,
  title = {{Improving neural networks by preventing co-adaptation of feature detectors}},
  author = {Hinton, G. E. and Srivastava, N. and Krizhevsky, A. and Sutskever, I. and Salakhutdinov, R. R.},
  journal = {{arXiv:1207.0580}},
  year = {2012},
}

@article{dubey2022activation,
  title = {{Activation functions in deep learning: A comprehensive survey and benchmark}},
  author = {Dubey, S. R. and Singh, S. K. and Chaudhuri, B. B.},
  journal = {{Neurocomputing}},
  year = {2022},
}

@misc{cohen2016expressive,
  title = {{On the Expressive Power of Deep Learning: A Tensor Analysis}},
  author = {Cohen, N. and Sharir, O. and Shashua, A.},
  year = {2016},
  eprint = {1509.05009},
  archivePrefix = {arXiv},
  primaryClass = {cs.NE},
}

@article{menghani2023efficient,
  title = {{Efficient deep learning: A survey on making deep learning models smaller, faster, and better}},
  author = {Menghani, G.},
  journal = {{ACM Computing Surveys}},
  year = {2023},
}
@inproceedings{eldan2016power,
  title = {{The power of depth for feedforward neural networks}},
  author = {Eldan, R. and Shamir, O.},
  booktitle = {{Conference on learning theory}},
  year = {2016},
}
@article{poggio2020theoretical,
  title = {{Theoretical issues in deep networks}},
  author = {Poggio, T. and Banburski, A. and Liao, Q.},
  journal = {{Proceedings of the National Academy of Sciences}},
  year = {2020},
}
@misc{poggio2017deep,
  title = {{Why and When Can Deep -- but Not Shallow -- Networks Avoid the Curse of Dimensionality: a Review}},
  author = {Poggio, T. and Mhaskar, H. and Rosasco, L. and Miranda, B. and Liao, Q.},
  year = {2017},
  eprint = {1611.00740},
  archivePrefix = {arXiv},
  primaryClass = {cs.LG},
}
@inproceedings{mahendran2015understanding,
  title = {{Understanding deep image representations by inverting them}},
  author = {Mahendran, A. and Vedaldi, A.},
  booktitle = {{Proceedings of the IEEE conference on computer vision and pattern recognition}},
  year = {2015},
}
@inproceedings{bau2017network,
  title = {{Network dissection: Quantifying interpretability of deep visual representations}},
  author = {Bau, D. and Zhou, B. and Khosla, A. and Oliva, A. and Torralba, A.},
  booktitle = {{Proceedings of the IEEE conference on computer vision and pattern recognition}},
  year = {2017},
}
@book{jahne2005digital,
  title = {{Digital image processing}},
  author = {J{\"a}hne, B.},
  year = {2005},
  publisher = {{Springer Science \& Business Media}},
}
@inproceedings{ronneberger2015u,
  title = {{U-net: Convolutional networks for biomedical image segmentation}},
  author = {Ronneberger, O. and Fischer, P. and Brox, T.},
  booktitle = {{Medical Image Computing and Computer-Assisted Intervention--MICCAI 2015: 18th International Conference, Munich, Germany, October 5-9, 2015, Proceedings, Part III 18}},
  year = {2015},
}
@article{fukushima1969visual,
  title = {{Visual feature extraction by a multilayered network of analog threshold elements}},
  author = {Fukushima, K.},
  journal = {{IEEE Transactions on Systems Science and Cybernetics}},
  year = {1969},
}
@article{gatys2015neural,
  title = {{A neural algorithm of artistic style}},
  author = {Gatys, L. A. and Ecker, A. S. and Bethge, M.},
  journal = {{arXiv:1508.06576}},
  year = {2015},
}
@article{dumoulin2016learned,
  title = {{A learned representation for artistic style}},
  author = {Dumoulin, V. and Shlens, J. and Kudlur, M.},
  journal = {{arXiv:1610.07629}},
  year = {2016},
}
@inproceedings{telgarsky2016benefits,
  title={Benefits of depth in neural networks},
  author = {Telgarsky, M.},
  booktitle={Conference on learning theory},
  year={2016},
}
@article{erhan2009visualizing,
  title = {{Visualizing higher-layer features of a deep network}},
  author = {Erhan, D. and Bengio, Y. and Courville, A. and Vincent, P.},
  journal = {{University of Montreal}},
  year = {2009},
}
@inproceedings{nair2010rectified,
  title = {{Rectified linear units improve restricted boltzmann machines}},
  author = {Nair, V. and Hinton, G. E.},
  booktitle = {{International conference on machine learning}},
  year = {2010},
}

@inproceedings{zeiler2014visualizing,
  title = {{Visualizing and understanding convolutional networks}},
  author = {Zeiler, M. D. and Fergus, R.},
  booktitle = {{European conference on computer vision}},
  year = {2014},
}
@article{mnih2013playing,
  title = {{Playing atari with deep reinforcement learning}},
  author = {Mnih, V. and Kavukcuoglu, K. and Silver, D. and Graves, A. and Antonoglou, I. and Wierstra, D. and Riedmiller, M.},
  journal = {{arXiv:1312.5602}},
  year = {2013},
}
@article{kingma2014adam,
  title = {{Adam: A method for stochastic optimization}},
  author = {Kingma, D. P. and Ba, J.},
  journal = {{arXiv:1412.6980}},
  year = {2014},
}
@article{simonyan2014veryxxxqqq,
  title = {{Very deep convolutional networks for large-scale image recognition}},
  author = {Simonyan, K. and Zisserman, A.},
  journal = {{arXiv:1409.1556}},
  year = {2014},
}
@inproceedings{szegedy2015going,
  title = {{Going deeper with convolutions}},
  author = {Szegedy, C. and Liu, W. and Jia, Y. and Sermanet, P. and Reed, S. and Anguelov, D. and Erhan, D. and Vanhoucke, V. and Rabinovich, A.},
  booktitle = {{Proceedings of the IEEE conference on computer vision and pattern recognition}},
  year = {2015},
}
@inproceedings{he2016deep,
  title = {{Deep residual learning for image recognition}},
  author = {He, K. and Zhang, X. and Ren, S. and Sun, J.},
  booktitle = {{Proceedings of the IEEE conference on computer vision and pattern recognition}},
  year = {2016},
}
@article{silver2016masteringxxxqqq,
  title = {{Mastering the game of Go with deep neural networks and tree search}},
  author = {Silver, D. and Huang, A. and Maddison, C. J. and Guez, A. and Sifre, L. and Van Den Driessche, G. and Schrittwieser, J. and Antonoglou, I. and Panneershelvam, V. and Lanctot, M. and others},
  journal = {{Nature}},
  year = {2016},
}
@inproceedings{vaswani2017attention,
  title = {{Attention is all you need}},
  author = {Vaswani, A. and Shazeer, N. and Parmar, N. and Uszkoreit, J. and Jones, L. and Gomez, A. N. and Kaiser, L and Polosukhin, I.},
  booktitle = {{Advances in neural information processing systems}},
  year = {2017},
}


@book{nielsen2015neural,
  title = {{Neural networks and deep learning}},
  author = {Nielsen, M. A.},
  year = {2015},
  publisher = {{Determination press San Francisco, CA}},
}
@book{dirkkroese2019data,
  title = {{Data science and machine learning: Mathematical and statistical methods}},
  author = {Kroese, D. P. and Botev, Z. and Taimre, T. and Vaisman, R.},
  year = {2019},
  publisher = {{CRC Press}},
}
@book{nazarathy2020statistics,
  title = {{Statistics with Julia}},
  author = {Nazarathy, Y. and Klok, H.},
  year = {2021},
  publisher = {{Springer}},
}
@book{lafaye2013r,
  title = {{The R software: Fundamentals of programming and statistical analysis}},
  author = {Lafaye de Micheaux, P. and Drouilhet, R. and Liquet, B.},
  year = {2013},
  publisher = {{Springer}},
}
@book{kochenderfer2019algorithms,
  title = {{Algorithms for optimization}},
  author = {Kochenderfer, M. J. and Wheeler, T. A.},
  year = {2019},
  publisher = {{MIT Press}},
}
@book{nesterov2003introductory,
  title = {{Introductory lectures on convex optimization: A basic course}},
  author = {Nesterov, Y.},
  year = {2003},
  publisher = {{Springer Science \& Business Media}},
}
@book{puterman2014markov,
  title = {{Markov decision processes: discrete stochastic dynamic programming}},
  author = {Puterman, M. L.},
  year = {2014},
  publisher = {{John Wiley \& Sons}},
}
@book{sundaram1996first,
  title = {{A first course in optimization theory}},
  author = {Sundaram, R. K. and others},
  year = {1996},
  publisher = {{Cambridge university press}},
}
@article{watkins1992q,
  title = {{Q-learning}},
  author = {Watkins, C. JCH and Dayan, P.},
  journal = {{Machine learning}},
  year = {1992},
}
@article{pan2009survey,
  title = {{A survey on transfer learning}},
  author = {Pan, S. J. and Yang, Q.},
  journal = {{IEEE Transactions on knowledge and data engineering}},
  year = {2009},
}
@article{bergstra2012random,
  title = {{Random search for hyper-parameter optimization}},
  author = {Bergstra, J. and Bengio, Y.},
  journal = {{Journal of machine learning research}},
  year = {2012},
}
@article{sermanet2013overfeat,
  title = {{Overfeat: Integrated recognition, localization and detection using convolutional networks}},
  author = {Sermanet, P. and Eigen, D. and Zhang, X. and Mathieu, M. and Fergus, R. and LeCun, Y.},
  journal = {{arXiv:1312.6229}},
  year = {2013},
}
@inproceedings{graves2013speech,
  title = {{Speech recognition with deep recurrent neural networks}},
  author = {Graves, A. and Mohamed, A. R. and Hinton, G.},
  booktitle = {{2013 IEEE international conference on acoustics, speech and signal processing}},
  year = {2013},
}
@article{yosinski2014transferable,
  title = {{How transferable are features in deep neural networks?}},
  author = {Yosinski, J. and Clune, J. and Bengio, Y. and Lipson, H.},
  journal = {{arXiv:1411.1792}},
  year = {2014},
}
@article{cho2014learning,
  title = {{Learning phrase representations using RNN encoder-decoder for statistical machine translation}},
  author = {Cho, K. and Van Merri{\"e}nboer, B. and Gulcehre, C. and Bahdanau, D. and Bougares, F. and Schwenk, H. and Bengio, Y.},
  journal = {{arXiv:1406.1078}},
  year = {2014},
}
@inproceedings{sutskever2014sequence,
  title = {{Sequence to sequence learning with neural networks}},
  author = {Sutskever, I. and Vinyals, O. and Le, Q. V.},
  booktitle = {{Advances in neural information processing systems}},
  year = {2014},
}
@article{cho2014properties,
  title = {{On the properties of neural machine translation: Encoder-decoder approaches}},
  author = {Cho, K. and Van Merri{\"e}nboer, B. and Bahdanau, D. and Bengio, Y.},
  journal = {{arXiv:1409.1259}},
  year = {2014},
}
@inproceedings{girshick2014rich,
  title = {{Rich feature hierarchies for accurate object detection and semantic segmentation}},
  author = {Girshick, R. and Donahue, J. and Darrell, T. and Malik, J.},
  booktitle = {{Proceedings of the IEEE conference on computer vision and pattern recognition}},
  year = {2014},
}
@article{radford2015unsupervised,
  title = {{Unsupervised representation learning with deep convolutional generative adversarial networks}},
  author = {Radford, A. and Metz, L. and Chintala, S.},
  journal = {{arXiv:1511.06434}},
  year = {2015},
}
@inproceedings{ganin2015unsupervised,
  title = {{Unsupervised domain adaptation by backpropagation}},
  author = {Ganin, Y. and Lempitsky, V.},
  booktitle = {{International conference on machine learning}},
  year = {2015},
}
@inproceedings{jozefowicz2015empirical,
  title = {{An empirical exploration of recurrent network architectures}},
  author = {Jozefowicz, R. and Zaremba, W. and Sutskever, I.},
  booktitle = {{International conference on machine learning}},
  year = {2015},
}

@inproceedings{redmon2016youxxxqqq,
  title = {{You only look once: Unified, real-time object detection}},
  author = {Redmon, J. and Divvala, S. and Girshick, R. and Farhadi, A.},
  booktitle = {{Proceedings of the IEEE conference on computer vision and pattern recognition}},
  year = {2016},
}
@article{salimans2016improved,
  title = {{Improved techniques for training GANs}},
  author = {Salimans, T. and Goodfellow, I. and Zaremba, W. and Cheung, V. and Radford, A. and Chen, X.},
  journal = {{Advances in neural information processing systems}},
  year = {2016},
}
@article{bao2017deep,
  title = {{A deep learning framework for financial time series using stacked autoencoders and long-short term memory}},
  author = {Bao, W. and Yue, J. and Rao, Y.},
  journal = {{PLoS ONE}},
  year = {2017},
}
@article{heusel2017gans,
  title = {{GANs trained by a two time-scale update rule converge to a local Nash equilibrium}},
  author = {Heusel, M. and Ramsauer, H. and Unterthiner, T. and Nessler, B. and Hochreiter, S.},
  journal = {{Advances in neural information processing systems}},
  year = {2017},
}
@inproceedings{athalye2018synthesizing,
  title = {{Synthesizing robust adversarial examples}},
  author = {Athalye, A. and Engstrom, L. and Ilyas, A. and Kwok, K.},
  booktitle = {{International conference on machine learning}},
  year = {2018},
}
@article{shen2018recurrent,
  title = {{Recurrent neural network for predicting transcription factor binding sites}},
  author = {Shen, Z. and Bao, W. and Huang, D. S.},
  journal = {{Scientific reports}},
  year = {2018},
}
@inproceedings{santurkar2018does,
  title = {{How does batch normalization help optimization?}},
  author = {Santurkar, S. and Tsipras, D. and Ilyas, A. and M{\k{a}}dry, A.},
  booktitle = {{Proceedings of the 32nd international conference on neural information processing systems}},
  year = {2018},
}
@article{lucic2017gans,
  title = {{Are GANs created equal? A large-scale study}},
  author = {Lucic, M. and Kurach, K. and Michalski, M. and Gelly, S. and Bousquet, O.},
  journal = {{arXiv:1711.10337}},
  year = {2017},
}
@article{chen2018best,
  title = {{The best of both worlds: Combining recent advances in neural machine translation}},
  author = {Chen, M. X. and Firat, O. and Bapna, A. and Johnson, M. and Macherey, W. and Foster, G. and Jones, L. and Parmar, N. and Schuster, M. and Chen, Z. and others},
  journal = {{arXiv:1804.09849}},
  year = {2018},
}
@article{galassi2020attention,
  title = {{Attention in natural language processing}},
  author = {Galassi, A. and Lippi, M. and Torroni, P.},
  journal = {{IEEE Transactions on Neural Networks and Learning Systems}},
  year = {2020},
}
@article{rackauckas2020universal,
  title = {{Universal differential equations for scientific machine learning}},
  author = {Rackauckas, C. and Ma, Y. and Martensen, J. and Warner, C. and Zubov, K. and Supekar, R. and Skinner, D. and Ramadhan, A. and Edelman, A.},
  journal = {{arXiv:2001.04385}},
  year = {2020},
}
@article{yang2020survey,
  title = {{A survey of deep learning techniques for neural machine translation}},
  author = {Yang, S. and Wang, Y. and Chu, X.},
  journal = {{arXiv:2002.07526}},
  year = {2020},
}
@book{bishop2006pattern,
  title = {{Pattern Recognition and Machine learning}},
  author = {Bishop, C. M.},
  publisher = {{Springer}},
  year = {2006},
}
@article{jaderberg2016reinforcement,
  title = {{Reinforcement learning with unsupervised auxiliary tasks}},
  author = {Jaderberg, M. and Mnih, V. and Czarnecki, W. M. and Schaul, T. and Leibo, J. Z. and Silver, D. and Kavukcuoglu, K.},
  journal = {{arXiv:1611.05397}},
  year = {2016},
}
@inproceedings{pathak2017curiosity,
  title = {{Curiosity-driven exploration by self-supervised prediction}},
  author = {Pathak, D. and Agrawal, P. and Efros, A. A. and Darrell, T.},
  booktitle = {{International conference on machine learning}},
  year = {2017},
}
@inproceedings{locatello2019challenging,
  title = {{Challenging common assumptions in the unsupervised learning of disentangled representations}},
  author = {Locatello, F. and Bauer, S. and Lucic, M. and Raetsch, G. and Gelly, S. and Sch{\"o}lkopf, B. and Bachem, O.},
  booktitle = {{International conference on machine learning}},
  year = {2019},
}
@inproceedings{locatello2019challenging,
  title = {{Challenging common assumptions in the unsupervised learning of disentangled representations}},
  author = {Locatello, F. and Bauer, S. and Lucic, M. and Raetsch, G. and Gelly, S. and Sch{\"o}lkopf, B. and Bachem, O.},
  booktitle = {{International conference on machine learning}},
  year = {2019},
}
@article{devlin2018bert,
  title = {{BERT: Pre-training of deep bidirectional transformers for language understanding}},
  author = {Devlin, J. and Chang, M. W. and Lee, K. and Toutanova, K.},
  journal = {{arXiv:1810.04805}},
  year = {2018},
}
@article{radford2019language,
  title = {{Language models are unsupervised multitask learners}},
  author = {Radford, A. and Wu, J. and Child, R. and Luan, D. and Amodei, D. and Sutskever, I. and others},
  journal = {{OpenAI blog}},
  year = {2019},
}
@article{chen2018neural,
  title = {{Neural ordinary differential equations}},
  author = {Chen, R. TQ and Rubanova, Y. and Bettencourt, J. and Duvenaud, D.},
  journal = {{arXiv:1806.07366}},
  year = {2018},
}
@inproceedings{roth2019odds,
  title = {{The odds are odd: A statistical test for detecting adversarial examples}},
  author = {Roth, K. and Kilcher, Y. and Hofmann, T.},
  booktitle = {{International Conference on Machine Learning}},
  year = {2019},
}
@article{botvinick2019reinforcement,
  title = {{Reinforcement learning, fast and slow}},
  author = {Botvinick, M. and Ritter, S. and Wang, J. X. and Kurth-Nelson, Z. and Blundell, C. and Hassabis, D.},
  journal = {{Trends in cognitive sciences}},
  year = {2019},
}
@article{ilyas2019adversarial,
  title = {{Adversarial examples are not bugs, they are features}},
  author = {Ilyas, A. and Santurkar, S. and Tsipras, D. and Engstrom, L. and Tran, B. and Madry, A.},
  journal = {{arXiv:1905.02175}},
  year = {2019},
}
@article{yang2019xlnet,
  title = {{XLNet: Generalized autoregressive pretraining for language understanding}},
  author = {Yang, Z. and Dai, Z. and Yang, Y. and Carbonell, J. and Salakhutdinov, R. R and Le, Q. V.},
  journal = {{Advances in neural information processing systems}},
  year = {2019},
}
@article{belkin2019reconciling,
  title = {{Reconciling modern machine-learning practice and the classical bias--variance trade-off}},
  author = {Belkin, M. and Hsu, D. and Ma, S. and Mandal, S.},
  journal = {{Proceedings of the National Academy of Sciences}},
  year = {2019},
}
@inproceedings{verma2019manifold,
  title = {{Manifold mixup: Better representations by interpolating hidden states}},
  author = {Verma, V. and Lamb, A. and Beckham, C. and Najafi, A. and Mitliagkas, I. and Lopez-Paz, D. and Bengio, Y.},
  booktitle = {{International Conference on Machine Learning}},
  year = {2019},
}
@inproceedings{cohen2019gauge,
  title = {{Gauge equivariant convolutional networks and the icosahedral CNN}},
  author = {Cohen, T. and Weiler, M. and Kicanaoglu, B. and Welling, M.},
  booktitle = {{International Conference on Machine Learning}},
  year = {2019},
}
@article{liu2019roberta,
  title = {{RoBERTa: A robustly optimized BERT pretraining approach}},
  author = {Liu, Y. and Ott, M. and Goyal, N. and Du, J. and Joshi, M. and Chen, D. and Levy, O. and Lewis, M. and Zettlemoyer, L. and Stoyanov, V.},
  journal = {{arXiv:1907.11692}},
  year = {2019},
}
@article{sabour2017dynamic,
  title = {{Dynamic routing between capsules}},
  author = {Sabour, S. and Frosst, N. and Hinton, G. E.},
  journal = {{arXiv:1710.09829}},
  year = {2017},
}
@book{boyd2018introduction,
  title = {{Introduction to applied linear algebra: Vectors, matrices, and least squares}},
  author = {Boyd, S. and Vandenberghe, L.},
  year = {2018},
  publisher = {{Cambridge university press}},
}
@book{strang2019linear,
  title = {{Linear algebra and learning from data}},
  author = {Strang, G.},
  year = {2019},
  publisher = {{Wellesley-Cambridge Press Cambridge}},
}
@article{zhai2019visual,
  title = {{The visual task adaptation benchmark}},
  author = {Zhai, X. and Puigcerver, J. and Kolesnikov, A. and Ruyssen, P. and Riquelme, C. and Lucic, M. and Djolonga, J. and Pinto, A. S. and Neumann, M. and Dosovitskiy, A. and others},
  year = {2019},
}
@inproceedings{espeholt2018impala,
  title = {{IMPALA: Scalable distributed deep-RL with importance weighted actor-learner architectures}},
  author = {Espeholt, L. and Soyer, H. and Munos, R. and Simonyan, K. and Mnih, V. and Ward, T. and Doron, Y. and Firoiu, V. and Harley, T. and Dunning, I. and others},
  booktitle = {{International Conference on Machine Learning}},
  year = {2018},
}
@article{vinyals2019grandmaster,
  title = {{Grandmaster level in StarCraft II using multi-agent reinforcement learning}},
  author = {Vinyals, O. and Babuschkin, I. and Czarnecki, W. M. and Mathieu, M. and Dudzik, A. and Chung, J. and Choi, D. H. and Powell, R. and Ewalds, T. and Georgiev, P. and others},
  journal = {{Nature}},
  year = {2019},
}
@book{hastie2009elements,
  title = {{The elements of statistical learning: Data mining, inference, and prediction}},
  author = {Hastie, T. and Tibshirani, R. and Friedman, J. H. and Friedman, J. H.},
  year = {2009},
  publisher = {{Springer}},
}
@inproceedings{shaham2019singan,
  title = {{SinGAN: Learning a generative model from a single natural image}},
  author = {Shaham, T. R. and Dekel, T. and Michaeli, T.},
  booktitle = {{Proceedings of the IEEE/CVF International Conference on Computer Vision}},
  year = {2019},
}
@article{charte2018practical,
  title = {{A practical tutorial on autoencoders for nonlinear feature fusion: Taxonomy, models, software and guidelines}},
  author = {Charte, D. and Charte, F. and Garc{\'\i}a, S. and del Jesus, M. J. and Herrera, F.},
  journal = {{Information Fusion}},
  year = {2018},
}
@book{efron2016computerxxx,
  title = {{Computer age statistical inference}},
  author = {Efron, B. and Hastie, T.},
  year = {2016},
  publisher = {{Cambridge University Press}},
}















































